timestamp,symbol,price,volume,bid,ask,bid_size,ask_size,exchange,conditions
1704106200000000000,AAPL,182.5012,386,182.4681,182.5344,130,38,NASDAQ,""
1704106201000000000,AAPL,182.5086,182,182.4839,182.5332,68,179,NASDAQ,""
1704106202000000000,AAPL,182.4829,326,182.4602,182.5056,158,245,NASDAQ,""
1704106203000000000,AAPL,182.5012,127,182.4709,182.5314,77,164,NASDAQ,""
1704106204000000000,AAPL,182.5213,96,182.4921,182.5505,238,72,NASDAQ,""
1704106205000000000,AAPL,182.5459,274,182.5220,182.5698,67,51,NASDAQ,""
1704106206000000000,AAPL,182.5358,132,182.5187,182.5529,164,65,NASDAQ,""
1704106207000000000,AAPL,182.5321,225,182.5162,182.5480,62,175,NASDAQ,""
1704106208000000000,AAPL,182.5411,303,182.5047,182.5776,137,38,NASDAQ,""
1704106209000000000,AAPL,182.5336,81,182.4926,182.5747,165,85,NASDAQ,""
1704106210000000000,AAPL,182.5649,202,182.5334,182.5964,52,246,NASDAQ,""
1704106211000000000,AAPL,182.5751,451,182.5488,182.6015,27,153,NASDAQ,""
1704106212000000000,AAPL,182.5702,255,182.5568,182.5837,104,76,NASDAQ,""
1704106213000000000,AAPL,182.5754,122,182.5341,182.6167,55,58,NASDAQ,""
1704106214000000000,AAPL,182.5794,113,182.5431,182.6157,36,130,NASDAQ,""
1704106215000000000,AAPL,182.6151,237,182.5994,182.6309,107,164,NASDAQ,""
1704106216000000000,AAPL,182.5955,165,182.5804,182.6105,211,188,NASDAQ,""
1704106217000000000,AAPL,182.6021,279,182.5802,182.6240,34,215,NASDAQ,""
1704106218000000000,AAPL,182.5791,319,182.5521,182.6062,17,198,NASDAQ,""
1704106219000000000,AAPL,182.5478,63,182.5383,182.5573,102,95,NASDAQ,""
1704106220000000000,AAPL,182.5358,367,182.5032,182.5684,120,76,NASDAQ,""
1704106221000000000,AAPL,182.5162,257,182.5015,182.5310,85,125,NASDAQ,""
1704106222000000000,AAPL,182.4967,401,182.4817,182.5118,167,101,NASDAQ,""
1704106223000000000,AAPL,182.5030,439,182.4878,182.5182,175,164,NASDAQ,""
1704106224000000000,AAPL,182.4952,162,182.4514,182.5390,239,56,NASDAQ,""
1704106225000000000,AAPL,182.4597,269,182.4216,182.4978,12,27,NASDAQ,""
1704106226000000000,AAPL,182.4479,322,182.4350,182.4607,115,112,NASDAQ,""
1704106227000000000,AAPL,182.4642,364,182.4258,182.5026,168,133,NASDAQ,""
1704106228000000000,AAPL,182.5154,296,182.5031,182.5277,26,10,NASDAQ,""
1704106229000000000,AAPL,182.5004,232,182.4856,182.5152,109,85,NASDAQ,""
1704106230000000000,AAPL,182.5178,397,182.4734,182.5621,94,182,NASDAQ,""
1704106231000000000,AAPL,182.5568,232,182.5401,182.5735,203,59,NASDAQ,""
1704106232000000000,AAPL,182.5536,85,182.5386,182.5686,69,44,NASDAQ,""
1704106233000000000,AAPL,182.5726,258,182.5277,182.6175,88,244,NASDAQ,""
1704106234000000000,AAPL,182.5721,314,182.5596,182.5846,81,159,NASDAQ,""
1704106235000000000,AAPL,182.5940,190,182.5498,182.6381,177,123,NASDAQ,""
1704106236000000000,AAPL,182.5856,342,182.5425,182.6288,19,195,NASDAQ,""
1704106237000000000,AAPL,182.5570,409,182.5352,182.5788,157,229,NASDAQ,""
1704106238000000000,AAPL,182.5744,98,182.5337,182.6150,95,105,NASDAQ,""
1704106239000000000,AAPL,182.5795,68,182.5689,182.5902,64,104,NASDAQ,""
1704106240000000000,AAPL,182.5724,435,182.5483,182.5966,103,179,NASDAQ,""
1704106241000000000,AAPL,182.5482,302,182.5240,182.5724,81,178,NASDAQ,""
1704106242000000000,AAPL,182.5431,145,182.5316,182.5546,210,214,NASDAQ,""
1704106243000000000,AAPL,182.5588,276,182.5267,182.5908,235,154,NASDAQ,""
1704106244000000000,AAPL,182.5361,268,182.4971,182.5751,228,128,NASDAQ,""
1704106245000000000,AAPL,182.5055,293,182.4795,182.5315,78,16,NASDAQ,""
1704106246000000000,AAPL,182.5046,320,182.4822,182.5271,214,46,NASDAQ,""
1704106247000000000,AAPL,182.4803,454,182.4433,182.5174,208,232,NASDAQ,""
1704106248000000000,AAPL,182.4734,219,182.4527,182.4942,211,120,NASDAQ,""
1704106249000000000,AAPL,182.5048,411,182.4838,182.5259,223,45,NASDAQ,""
1704106250000000000,AAPL,182.5258,492,182.5000,182.5517,87,232,NASDAQ,""
1704106251000000000,AAPL,182.5462,471,182.5016,182.5907,126,126,NASDAQ,""
1704106252000000000,AAPL,182.5527,178,182.5186,182.5867,42,28,NASDAQ,""
1704106253000000000,AAPL,182.5344,494,182.4942,182.5746,164,20,NASDAQ,""
1704106254000000000,AAPL,182.5319,125,182.5113,182.5526,46,54,NASDAQ,""
1704106255000000000,AAPL,182.5338,378,182.5100,182.5575,114,165,NASDAQ,""
1704106256000000000,AAPL,182.5472,179,182.5192,182.5752,88,20,NASDAQ,""
1704106257000000000,AAPL,182.5500,237,182.5223,182.5778,136,30,NASDAQ,""
1704106258000000000,AAPL,182.5386,251,182.5131,182.5641,39,87,NASDAQ,""
1704106259000000000,AAPL,182.5247,440,182.5081,182.5414,19,123,NASDAQ,""
1704106260000000000,AAPL,182.5268,265,182.4932,182.5604,85,54,NASDAQ,""
1704106261000000000,AAPL,182.4957,255,182.4836,182.5079,204,214,NASDAQ,""
1704106262000000000,AAPL,182.4870,360,182.4539,182.5200,243,227,NASDAQ,""
1704106263000000000,AAPL,182.4837,264,182.4431,182.5243,142,93,NASDAQ,""
1704106264000000000,AAPL,182.4961,126,182.4738,182.5184,122,228,NASDAQ,""
1704106265000000000,AAPL,182.4880,339,182.4429,182.5332,90,144,NASDAQ,""
1704106266000000000,AAPL,182.4735,86,182.4535,182.4934,118,222,NASDAQ,""
1704106267000000000,AAPL,182.4613,211,182.4391,182.4835,166,240,NASDAQ,""
1704106268000000000,AAPL,182.5023,367,182.4739,182.5306,232,165,NASDAQ,""
1704106269000000000,AAPL,182.5149,498,182.4801,182.5496,202,169,NASDAQ,""
1704106270000000000,AAPL,182.5212,62,182.5075,182.5350,199,241,NASDAQ,""
1704106271000000000,AAPL,182.5213,266,182.4764,182.5663,224,116,NASDAQ,""
1704106272000000000,AAPL,182.5032,392,182.4586,182.5479,198,226,NASDAQ,""
1704106273000000000,AAPL,182.4799,457,182.4648,182.4951,184,223,NASDAQ,""
1704106274000000000,AAPL,182.4651,385,182.4427,182.4875,184,32,NASDAQ,""
1704106275000000000,AAPL,182.4610,75,182.4158,182.5062,50,35,NASDAQ,""
1704106276000000000,AAPL,182.4332,113,182.3981,182.4682,53,124,NASDAQ,""
1704106277000000000,AAPL,182.4105,264,182.3664,182.4546,156,21,NASDAQ,""
1704106278000000000,AAPL,182.4300,148,182.3916,182.4685,82,58,NASDAQ,""
1704106279000000000,AAPL,182.4417,335,182.4175,182.4658,52,163,NASDAQ,""
1704106280000000000,AAPL,182.4144,382,182.3971,182.4316,163,150,NASDAQ,""
1704106281000000000,AAPL,182.4422,219,182.4048,182.4796,194,115,NASDAQ,""
1704106282000000000,AAPL,182.4324,258,182.4055,182.4594,195,61,NASDAQ,""
1704106283000000000,AAPL,182.4398,461,182.4073,182.4722,202,145,NASDAQ,""
1704106284000000000,AAPL,182.4552,194,182.4162,182.4942,11,123,NASDAQ,""
1704106285000000000,AAPL,182.4175,298,182.4016,182.4335,126,96,NASDAQ,""
1704106286000000000,AAPL,182.4220,93,182.4023,182.4418,135,132,NASDAQ,""
1704106287000000000,AAPL,182.3731,112,182.3596,182.3865,225,125,NASDAQ,""
1704106288000000000,AAPL,182.3503,105,182.3381,182.3625,44,217,NASDAQ,""
1704106289000000000,AAPL,182.3256,392,182.2908,182.3604,46,220,NASDAQ,""
1704106290000000000,AAPL,182.3402,479,182.3037,182.3768,212,19,NASDAQ,""
1704106291000000000,AAPL,182.3489,190,182.3395,182.3582,245,143,NASDAQ,""
1704106292000000000,AAPL,182.3672,122,182.3450,182.3894,140,71,NASDAQ,""
1704106293000000000,AAPL,182.3547,181,182.3176,182.3917,38,137,NASDAQ,""
1704106294000000000,AAPL,182.3285,317,182.3038,182.3533,174,101,NASDAQ,""
1704106295000000000,AAPL,182.3094,306,182.2740,182.3448,242,25,NASDAQ,""
1704106296000000000,AAPL,182.3287,242,182.3019,182.3555,150,96,NASDAQ,""
1704106297000000000,AAPL,182.3442,65,182.3254,182.3630,105,87,NASDAQ,""
1704106298000000000,AAPL,182.3396,272,182.3056,182.3737,92,18,NASDAQ,""
1704106299000000000,AAPL,182.3637,141,182.3377,182.3897,149,147,NASDAQ,""
1704106300000000000,AAPL,182.3731,236,182.3503,182.3958,221,21,NASDAQ,""
1704106301000000000,AAPL,182.3670,492,182.3568,182.3773,96,80,NASDAQ,""
1704106302000000000,AAPL,182.3566,459,182.3290,182.3842,229,221,NASDAQ,""
1704106303000000000,AAPL,182.3566,350,182.3349,182.3782,245,158,NASDAQ,""
1704106304000000000,AAPL,182.3451,312,182.3132,182.3770,236,103,NASDAQ,""
1704106305000000000,AAPL,182.3368,148,182.3101,182.3635,13,236,NASDAQ,""
1704106306000000000,AAPL,182.3398,300,182.3276,182.3519,140,53,NASDAQ,""
1704106307000000000,AAPL,182.3357,358,182.3164,182.3550,117,139,NASDAQ,""
1704106308000000000,AAPL,182.3420,442,182.3037,182.3802,101,41,NASDAQ,""
1704106309000000000,AAPL,182.3515,64,182.3370,182.3659,45,164,NASDAQ,""
1704106310000000000,AAPL,182.3515,165,182.3266,182.3764,49,80,NASDAQ,""
1704106311000000000,AAPL,182.3985,94,182.3675,182.4294,181,123,NASDAQ,""
1704106312000000000,AAPL,182.3634,479,182.3533,182.3736,16,75,NASDAQ,""
1704106313000000000,AAPL,182.3342,2460,182.2974,182.3710,49,54,NASDAQ,""
1704106314000000000,AAPL,182.3275,191,182.2861,182.3689,115,20,NASDAQ,""
1704106315000000000,AAPL,182.3366,259,182.3119,182.3614,175,177,NASDAQ,""
1704106316000000000,AAPL,182.3166,296,182.2946,182.3386,79,215,NASDAQ,""
1704106317000000000,AAPL,182.2900,374,182.2745,182.3055,93,213,NASDAQ,""
1704106318000000000,AAPL,182.2839,494,182.2420,182.3257,161,13,NASDAQ,""
1704106319000000000,AAPL,182.2627,335,182.2485,182.2768,131,39,NASDAQ,""
1704106320000000000,AAPL,182.2496,130,182.2389,182.2602,15,142,NASDAQ,""
1704106321000000000,AAPL,182.2208,248,182.1809,182.2608,15,161,NASDAQ,""
1704106322000000000,AAPL,182.2264,467,182.1982,182.2546,225,155,NASDAQ,""
1704106323000000000,AAPL,182.2515,402,182.2109,182.2920,241,69,NASDAQ,""
1704106324000000000,AAPL,182.2341,304,182.1976,182.2706,70,113,NASDAQ,""
1704106325000000000,AAPL,182.2621,361,182.2236,182.3006,74,57,NASDAQ,""
1704106326000000000,AAPL,182.2488,94,182.2149,182.2826,184,164,NASDAQ,""
1704106327000000000,AAPL,182.2679,214,182.2500,182.2857,155,164,NASDAQ,""
1704106328000000000,AAPL,182.2854,404,182.2752,182.2955,193,101,NASDAQ,""
1704106329000000000,AAPL,182.2968,328,182.2513,182.3422,225,173,NASDAQ,""
1704106330000000000,AAPL,182.3171,52,182.2832,182.3510,48,124,NASDAQ,""
1704106331000000000,AAPL,182.3364,440,182.3007,182.3720,134,167,NASDAQ,""
1704106332000000000,AAPL,182.3290,484,182.2914,182.3666,82,190,NASDAQ,""
1704106333000000000,AAPL,182.3198,124,182.2866,182.3530,207,235,NASDAQ,""
1704106334000000000,AAPL,182.3517,327,182.3092,182.3942,155,43,NASDAQ,""
1704106335000000000,AAPL,182.3747,201,182.3420,182.4074,165,116,NASDAQ,""
1704106336000000000,AAPL,182.3810,411,182.3472,182.4148,32,193,NASDAQ,""
1704106337000000000,AAPL,182.3691,110,182.3445,182.3936,96,42,NASDAQ,""
1704106338000000000,AAPL,182.4004,394,182.3828,182.4181,44,26,NASDAQ,""
1704106339000000000,AAPL,182.4164,465,182.3931,182.4396,88,50,NASDAQ,""
1704106340000000000,AAPL,182.4151,96,182.3799,182.4503,228,106,NASDAQ,""
1704106341000000000,AAPL,182.4226,273,182.3833,182.4618,152,176,NASDAQ,""
1704106342000000000,AAPL,182.4165,266,182.3980,182.4351,166,157,NASDAQ,""
1704106343000000000,AAPL,182.4100,374,182.3883,182.4317,186,166,NASDAQ,""
1704106344000000000,AAPL,182.4221,151,182.3985,182.4457,210,23,NASDAQ,""
1704106345000000000,AAPL,182.4256,377,182.4148,182.4364,129,198,NASDAQ,""
1704106346000000000,AAPL,182.4640,267,182.4275,182.5004,55,37,NASDAQ,""
1704106347000000000,AAPL,182.4477,476,182.4034,182.4921,82,201,NASDAQ,""
1704106348000000000,AAPL,182.4649,2450,182.4435,182.4863,140,40,NASDAQ,""
1704106349000000000,AAPL,182.4858,317,182.4631,182.5085,12,31,NASDAQ,""
1704106350000000000,AAPL,182.4710,351,182.4383,182.5037,93,126,NASDAQ,""
1704106351000000000,AAPL,182.4713,120,182.4408,182.5019,32,45,NASDAQ,""
1704106352000000000,AAPL,182.4567,250,182.4464,182.4670,164,158,NASDAQ,""
1704106353000000000,AAPL,182.4419,390,182.3969,182.4869,240,203,NASDAQ,""
1704106354000000000,AAPL,182.4270,487,182.3920,182.4620,19,60,NASDAQ,""
1704106355000000000,AAPL,182.4134,170,182.4023,182.4245,168,172,NASDAQ,""
1704106356000000000,AAPL,182.4422,464,182.4247,182.4596,19,131,NASDAQ,""
1704106357000000000,AAPL,182.4363,234,182.4027,182.4698,73,144,NASDAQ,""
1704106358000000000,AAPL,182.4569,239,182.4237,182.4900,98,27,NASDAQ,""
1704106359000000000,AAPL,182.4599,175,182.4409,182.4788,53,10,NASDAQ,""
1704106360000000000,AAPL,182.4766,305,182.4493,182.5038,25,157,NASDAQ,""
1704106361000000000,AAPL,182.4790,413,182.4442,182.5138,32,55,NASDAQ,""
1704106362000000000,AAPL,182.4669,462,182.4442,182.4895,123,206,NASDAQ,""
1704106363000000000,AAPL,182.4789,328,182.4550,182.5028,101,152,NASDAQ,""
1704106364000000000,AAPL,182.4780,378,182.4629,182.4930,149,25,NASDAQ,""
1704106365000000000,AAPL,182.4846,373,182.4705,182.4986,160,213,NASDAQ,""
1704106366000000000,AAPL,182.4925,99,182.4592,182.5259,247,216,NASDAQ,""
1704106367000000000,AAPL,182.4438,247,182.4132,182.4743,34,198,NASDAQ,""
1704106368000000000,AAPL,182.4505,85,182.4125,182.4884,247,35,NASDAQ,""
1704106369000000000,AAPL,182.4359,237,182.4100,182.4619,57,68,NASDAQ,""
1704106370000000000,AAPL,182.4382,326,182.4033,182.4731,168,84,NASDAQ,""
1704106371000000000,AAPL,182.4182,344,182.3883,182.4481,14,26,NASDAQ,""
1704106372000000000,AAPL,182.4298,346,182.3930,182.4666,28,177,NASDAQ,""
1704106373000000000,AAPL,182.4283,147,182.3860,182.4706,111,169,NASDAQ,""
1704106374000000000,AAPL,182.4240,214,182.3872,182.4609,97,207,NASDAQ,""
1704106375000000000,AAPL,182.4112,376,182.3672,182.4552,20,227,NASDAQ,""
1704106376000000000,AAPL,182.3990,453,182.3877,182.4103,216,148,NASDAQ,""
1704106377000000000,AAPL,182.3967,187,182.3525,182.4409,73,216,NASDAQ,""
1704106378000000000,AAPL,182.4038,103,182.3653,182.4423,93,105,NASDAQ,""
1704106379000000000,AAPL,182.4292,116,182.3873,182.4711,58,63,NASDAQ,""
1704106380000000000,AAPL,182.4499,469,182.4237,182.4761,189,148,NASDAQ,""
1704106381000000000,AAPL,182.4782,259,182.4438,182.5126,34,236,NASDAQ,""
1704106382000000000,AAPL,182.4924,349,182.4739,182.5110,134,237,NASDAQ,""
1704106383000000000,AAPL,182.5082,121,182.4919,182.5245,200,66,NASDAQ,""
1704106384000000000,AAPL,182.4723,68,182.4271,182.5176,188,219,NASDAQ,""
1704106385000000000,AAPL,182.4707,450,182.4499,182.4916,72,136,NASDAQ,""
1704106386000000000,AAPL,182.5104,371,182.4727,182.5481,204,184,NASDAQ,""
1704106387000000000,AAPL,182.5748,288,182.5462,182.6033,22,171,NASDAQ,""
1704106388000000000,AAPL,182.5749,306,182.5458,182.6040,122,99,NASDAQ,""
1704106389000000000,AAPL,182.5968,465,182.5852,182.6083,51,209,NASDAQ,""
1704106390000000000,AAPL,182.5903,345,182.5729,182.6077,25,93,NASDAQ,""
1704106391000000000,AAPL,182.5809,412,182.5680,182.5938,112,93,NASDAQ,""
1704106392000000000,AAPL,182.5662,104,182.5550,182.5774,168,27,NASDAQ,""
1704106393000000000,AAPL,182.5717,271,182.5502,182.5932,195,242,NASDAQ,""
1704106394000000000,AAPL,182.5683,270,182.5551,182.5816,171,15,NASDAQ,""
1704106395000000000,AAPL,182.5942,157,182.5628,182.6256,237,161,NASDAQ,""
1704106396000000000,AAPL,182.5645,282,182.5356,182.5933,60,239,NASDAQ,""
1704106397000000000,AAPL,182.5490,319,182.5120,182.5860,75,73,NASDAQ,""
1704106398000000000,AAPL,182.5418,268,182.5030,182.5805,160,131,NASDAQ,""
1704106399000000000,AAPL,182.5105,317,182.4712,182.5498,211,106,NASDAQ,""
1704106400000000000,AAPL,182.5206,477,182.4786,182.5626,241,45,NASDAQ,""
1704106401000000000,AAPL,182.5174,2365,182.4729,182.5620,60,74,NASDAQ,""
1704106402000000000,AAPL,182.5150,484,182.4825,182.5476,122,49,NASDAQ,""
1704106403000000000,AAPL,182.5242,55,182.4807,182.5676,150,64,NASDAQ,""
1704106404000000000,AAPL,182.5340,258,182.5202,182.5478,17,155,NASDAQ,""
1704106405000000000,AAPL,182.5383,1345,182.5221,182.5545,55,67,NASDAQ,""
1704106406000000000,AAPL,182.5483,299,182.5280,182.5687,86,166,NASDAQ,""
1704106407000000000,AAPL,182.5295,97,182.4844,182.5746,33,137,NASDAQ,""
1704106408000000000,AAPL,182.5491,161,182.5299,182.5683,153,78,NASDAQ,""
1704106409000000000,AAPL,182.5625,312,182.5364,182.5885,216,76,NASDAQ,""
1704106410000000000,AAPL,182.5515,146,182.5379,182.5650,119,211,NASDAQ,""
1704106411000000000,AAPL,182.5363,148,182.4939,182.5787,76,81,NASDAQ,""
1704106412000000000,AAPL,182.5428,426,182.5238,182.5618,78,62,NASDAQ,""
1704106413000000000,AAPL,182.5568,169,182.5444,182.5692,72,12,NASDAQ,""
1704106414000000000,AAPL,182.5545,413,182.5240,182.5850,90,226,NASDAQ,""
1704106415000000000,AAPL,182.5410,171,182.5199,182.5620,102,171,NASDAQ,""
1704106416000000000,AAPL,182.5213,135,182.5060,182.5366,44,12,NASDAQ,""
1704106417000000000,AAPL,182.5526,363,182.5306,182.5746,31,231,NASDAQ,""
1704106418000000000,AAPL,182.5459,96,182.5202,182.5716,190,117,NASDAQ,""
1704106419000000000,AAPL,182.5347,284,182.5091,182.5604,13,113,NASDAQ,""
1704106420000000000,AAPL,182.5411,305,182.5070,182.5751,212,229,NASDAQ,""
1704106421000000000,AAPL,182.5214,432,182.4772,182.5655,239,224,NASDAQ,""
1704106422000000000,AAPL,182.4721,490,182.4505,182.4938,203,126,NASDAQ,""
1704106423000000000,AAPL,182.4822,151,182.4543,182.5101,206,75,NASDAQ,""
1704106424000000000,AAPL,182.4827,435,182.4596,182.5059,200,86,NASDAQ,""
1704106425000000000,AAPL,182.5102,94,182.4757,182.5447,205,119,NASDAQ,""
1704106426000000000,AAPL,182.4948,381,182.4577,182.5320,98,71,NASDAQ,""
1704106427000000000,AAPL,182.4891,329,182.4535,182.5248,82,167,NASDAQ,""
1704106428000000000,AAPL,182.4754,318,182.4547,182.4960,145,211,NASDAQ,""
1704106429000000000,AAPL,182.4578,485,182.4358,182.4797,81,212,NASDAQ,""
1704106430000000000,AAPL,182.4494,380,182.4038,182.4950,136,243,NASDAQ,""
1704106431000000000,AAPL,182.4234,441,182.3926,182.4542,33,64,NASDAQ,""
1704106432000000000,AAPL,182.4004,451,182.3692,182.4316,45,22,NASDAQ,""
1704106433000000000,AAPL,182.3719,338,182.3588,182.3850,203,10,NASDAQ,""
1704106434000000000,AAPL,182.3655,367,182.3290,182.4019,71,82,NASDAQ,""
1704106435000000000,AAPL,182.3607,380,182.3382,182.3833,218,114,NASDAQ,""
1704106436000000000,AAPL,182.3452,220,182.3116,182.3787,162,55,NASDAQ,""
1704106437000000000,AAPL,182.3104,305,182.2731,182.3477,74,153,NASDAQ,""
1704106438000000000,AAPL,182.3250,114,182.2896,182.3603,248,148,NASDAQ,""
1704106439000000000,AAPL,182.2992,400,182.2785,182.3198,138,158,NASDAQ,""
1704106440000000000,AAPL,182.2812,183,182.2469,182.3156,225,126,NASDAQ,""
1704106441000000000,AAPL,182.2849,233,182.2739,182.2959,50,186,NASDAQ,""
1704106442000000000,AAPL,182.2726,57,182.2483,182.2969,248,60,NASDAQ,""
1704106443000000000,AAPL,182.2573,385,182.2189,182.2958,10,25,NASDAQ,""
1704106444000000000,AAPL,182.2798,451,182.2538,182.3058,98,229,NASDAQ,""
1704106445000000000,AAPL,182.2858,261,182.2537,182.3180,39,189,NASDAQ,""
1704106446000000000,AAPL,182.3098,451,182.2725,182.3471,205,118,NASDAQ,""
1704106447000000000,AAPL,182.3312,248,182.3057,182.3567,139,237,NASDAQ,""
1704106448000000000,AAPL,182.3052,50,182.2683,182.3421,144,35,NASDAQ,""
1704106449000000000,AAPL,182.2987,129,182.2771,182.3203,17,145,NASDAQ,""
1704106450000000000,AAPL,182.2876,408,182.2705,182.3046,80,147,NASDAQ,""
1704106451000000000,AAPL,182.3148,459,182.2967,182.3329,57,146,NASDAQ,""
1704106452000000000,AAPL,182.3079,186,182.2833,182.3325,190,59,NASDAQ,""
1704106453000000000,AAPL,182.2837,251,182.2437,182.3237,170,34,NASDAQ,""
1704106454000000000,AAPL,182.2679,458,182.2252,182.3107,216,66,NASDAQ,""
1704106455000000000,AAPL,182.2583,105,182.2401,182.2766,116,238,NASDAQ,""
1704106456000000000,AAPL,182.2566,233,182.2437,182.2695,237,217,NASDAQ,""
1704106457000000000,AAPL,182.2623,139,182.2488,182.2757,137,109,NASDAQ,""
1704106458000000000,AAPL,182.2670,64,182.2461,182.2880,227,131,NASDAQ,""
1704106459000000000,AAPL,182.2854,245,182.2598,182.3111,103,196,NASDAQ,""
1704106460000000000,AAPL,182.2938,346,182.2560,182.3317,237,37,NASDAQ,""
1704106461000000000,AAPL,182.2676,280,182.2285,182.3066,92,151,NASDAQ,""
1704106462000000000,AAPL,182.2778,237,182.2367,182.3190,170,114,NASDAQ,""
1704106463000000000,AAPL,182.2931,454,182.2703,182.3158,188,138,NASDAQ,""
1704106464000000000,AAPL,182.2702,56,182.2357,182.3047,41,249,NASDAQ,""
1704106465000000000,AAPL,182.2812,458,182.2580,182.3044,144,187,NASDAQ,""
1704106466000000000,AAPL,182.2789,439,182.2539,182.3040,229,208,NASDAQ,""
1704106467000000000,AAPL,182.2783,294,182.2330,182.3236,49,123,NASDAQ,""
1704106468000000000,AAPL,182.2658,213,182.2341,182.2976,127,61,NASDAQ,""
1704106469000000000,AAPL,182.2687,224,182.2343,182.3031,202,93,NASDAQ,""
1704106470000000000,AAPL,182.2679,66,182.2503,182.2855,51,131,NASDAQ,""
1704106471000000000,AAPL,182.2595,348,182.2146,182.3044,160,71,NASDAQ,""
1704106472000000000,AAPL,182.2521,179,182.2243,182.2798,10,49,NASDAQ,""
1704106473000000000,AAPL,182.2235,410,182.1993,182.2477,191,201,NASDAQ,""
1704106474000000000,AAPL,182.2026,247,182.1872,182.2179,157,25,NASDAQ,""
1704106475000000000,AAPL,182.1863,159,182.1523,182.2204,171,233,NASDAQ,""
1704106476000000000,AAPL,182.2128,240,182.1807,182.2448,16,181,NASDAQ,""
1704106477000000000,AAPL,182.1786,373,182.1377,182.2196,78,42,NASDAQ,""
1704106478000000000,AAPL,182.1606,100,182.1404,182.1807,128,69,NASDAQ,""
1704106479000000000,AAPL,182.1360,210,182.1210,182.1509,20,139,NASDAQ,""
1704106480000000000,AAPL,182.1311,298,182.1017,182.1605,125,18,NASDAQ,""
1704106481000000000,AAPL,182.0738,466,182.0617,182.0859,87,232,NASDAQ,""
1704106482000000000,AAPL,182.0850,72,182.0451,182.1249,201,80,NASDAQ,""
1704106483000000000,AAPL,182.0470,488,182.0267,182.0673,213,105,NASDAQ,""
1704106484000000000,AAPL,182.0624,260,182.0480,182.0768,55,241,NASDAQ,""
1704106485000000000,AAPL,182.0204,369,181.9951,182.0458,71,81,NASDAQ,""
1704106486000000000,AAPL,181.9902,149,181.9772,182.0032,249,59,NASDAQ,""
1704106487000000000,AAPL,181.9930,496,181.9503,182.0357,193,61,NASDAQ,""
1704106488000000000,AAPL,181.9720,309,181.9431,182.0009,231,32,NASDAQ,""
1704106489000000000,AAPL,181.9641,325,181.9215,182.0067,34,39,NASDAQ,""
1704106490000000000,AAPL,181.9552,105,181.9275,181.9830,247,204,NASDAQ,""
1704106491000000000,AAPL,181.9550,261,181.9332,181.9769,66,108,NASDAQ,""
1704106492000000000,AAPL,181.9174,392,181.8874,181.9474,157,154,NASDAQ,""
1704106493000000000,AAPL,181.8940,375,181.8795,181.9085,92,105,NASDAQ,""
1704106494000000000,AAPL,181.8664,1500,181.8571,181.8758,134,52,NASDAQ,""
1704106495000000000,AAPL,181.8629,438,181.8425,181.8833,171,21,NASDAQ,""
1704106496000000000,AAPL,181.8820,215,181.8661,181.8980,194,227,NASDAQ,""
1704106497000000000,AAPL,181.8826,50,181.8433,181.9220,113,98,NASDAQ,""
1704106498000000000,AAPL,181.8817,248,181.8614,181.9021,42,135,NASDAQ,""
1704106499000000000,AAPL,181.8935,383,181.8510,181.9360,236,195,NASDAQ,""
1704106500000000000,AAPL,181.8956,320,181.8511,181.9401,42,23,NASDAQ,""
1704106501000000000,AAPL,181.9177,235,181.8815,181.9539,213,111,NASDAQ,""
1704106502000000000,AAPL,181.9294,153,181.8967,181.9621,119,188,NASDAQ,""
1704106503000000000,AAPL,181.9374,447,181.8965,181.9782,228,205,NASDAQ,""
1704106504000000000,AAPL,181.9636,242,181.9381,181.9891,135,126,NASDAQ,""
1704106505000000000,AAPL,181.9742,295,181.9294,182.0190,116,154,NASDAQ,""
1704106506000000000,AAPL,181.9776,359,181.9457,182.0094,102,53,NASDAQ,""
1704106507000000000,AAPL,181.9523,356,181.9273,181.9772,98,224,NASDAQ,""
1704106508000000000,AAPL,181.9828,358,181.9454,182.0203,247,109,NASDAQ,""
1704106509000000000,AAPL,181.9636,371,181.9292,181.9979,108,214,NASDAQ,""
1704106510000000000,AAPL,181.9587,214,181.9176,181.9997,214,170,NASDAQ,""
1704106511000000000,AAPL,181.9475,482,181.9253,181.9697,54,223,NASDAQ,""
1704106512000000000,AAPL,181.9308,147,181.8869,181.9747,241,110,NASDAQ,""
1704106513000000000,AAPL,181.8981,76,181.8590,181.9373,42,219,NASDAQ,""
1704106514000000000,AAPL,181.8900,315,181.8726,181.9074,134,99,NASDAQ,""
1704106515000000000,AAPL,181.9175,391,181.8985,181.9365,55,132,NASDAQ,""
1704106516000000000,AAPL,181.9321,272,181.9031,181.9611,125,171,NASDAQ,""
1704106517000000000,AAPL,181.9164,101,181.8717,181.9611,141,165,NASDAQ,""
1704106518000000000,AAPL,181.9364,87,181.9024,181.9704,126,106,NASDAQ,""
1704106519000000000,AAPL,181.9453,443,181.9039,181.9867,144,175,NASDAQ,""
1704106520000000000,AAPL,181.9717,387,181.9305,182.0128,150,156,NASDAQ,""
1704106521000000000,AAPL,181.9692,183,181.9557,181.9827,190,236,NASDAQ,""
1704106522000000000,AAPL,181.9724,307,181.9518,181.9929,39,203,NASDAQ,""
1704106523000000000,AAPL,181.9589,436,181.9263,181.9916,21,220,NASDAQ,""
1704106524000000000,AAPL,181.9816,319,181.9537,182.0094,211,78,NASDAQ,""
1704106525000000000,AAPL,182.0033,440,181.9617,182.0448,235,186,NASDAQ,""
1704106526000000000,AAPL,182.0241,209,182.0046,182.0436,236,232,NASDAQ,""
1704106527000000000,AAPL,182.0188,105,181.9775,182.0601,248,216,NASDAQ,""
1704106528000000000,AAPL,182.0330,261,181.9981,182.0680,42,87,NASDAQ,""
1704106529000000000,AAPL,182.0099,178,181.9985,182.0214,207,44,NASDAQ,""
1704106530000000000,AAPL,182.0093,396,181.9884,182.0302,144,95,NASDAQ,""
1704106531000000000,AAPL,182.0255,203,181.9879,182.0631,64,11,NASDAQ,""
1704106532000000000,AAPL,182.0213,161,181.9778,182.0647,189,165,NASDAQ,""
1704106533000000000,AAPL,182.0878,455,182.0480,182.1277,132,18,NASDAQ,""
1704106534000000000,AAPL,182.0736,136,182.0581,182.0890,64,103,NASDAQ,""
1704106535000000000,AAPL,182.0526,255,182.0231,182.0821,37,110,NASDAQ,""
1704106536000000000,AAPL,182.0505,432,182.0307,182.0704,237,32,NASDAQ,""
1704106537000000000,AAPL,182.0486,228,182.0243,182.0728,124,231,NASDAQ,""
1704106538000000000,AAPL,182.0711,216,182.0440,182.0982,42,250,NASDAQ,""
1704106539000000000,AAPL,182.0616,421,182.0368,182.0865,68,81,NASDAQ,""
1704106540000000000,AAPL,182.0969,186,182.0764,182.1175,145,84,NASDAQ,""
1704106541000000000,AAPL,182.1234,235,182.0853,182.1616,10,20,NASDAQ,""
1704106542000000000,AAPL,182.1475,245,182.1365,182.1585,214,213,NASDAQ,""
1704106543000000000,AAPL,182.1741,50,182.1576,182.1907,132,46,NASDAQ,""
1704106544000000000,AAPL,182.1704,615,182.1387,182.2021,129,11,NASDAQ,""
1704106545000000000,AAPL,182.1786,190,182.1530,182.2042,62,48,NASDAQ,""
1704106546000000000,AAPL,182.1657,51,182.1465,182.1849,164,156,NASDAQ,""
1704106547000000000,AAPL,182.1734,328,182.1320,182.2148,164,165,NASDAQ,""
1704106548000000000,AAPL,182.1820,276,182.1448,182.2193,31,173,NASDAQ,""
1704106549000000000,AAPL,182.2027,66,182.1622,182.2431,68,19,NASDAQ,""
1704106550000000000,AAPL,182.2152,90,182.1872,182.2431,119,200,NASDAQ,""
1704106551000000000,AAPL,182.2226,66,182.1892,182.2560,148,144,NASDAQ,""
1704106552000000000,AAPL,182.2051,188,182.1945,182.2157,81,61,NASDAQ,""
1704106553000000000,AAPL,182.2231,173,182.2006,182.2456,118,146,NASDAQ,""
1704106554000000000,AAPL,182.2218,361,182.1925,182.2511,247,47,NASDAQ,""
1704106555000000000,AAPL,182.2158,381,182.2017,182.2299,70,91,NASDAQ,""
1704106556000000000,AAPL,182.2130,126,182.1947,182.2313,211,233,NASDAQ,""
1704106557000000000,AAPL,182.2022,439,182.1615,182.2430,52,135,NASDAQ,""
1704106558000000000,AAPL,182.2251,466,182.1828,182.2674,238,132,NASDAQ,""
1704106559000000000,AAPL,182.2401,233,182.1972,182.2830,138,74,NASDAQ,""
1704106560000000000,AAPL,182.2425,340,182.2198,182.2652,63,134,NASDAQ,""
1704106561000000000,AAPL,182.2682,144,182.2479,182.2884,130,203,NASDAQ,""
1704106562000000000,AAPL,182.2887,166,182.2625,182.3149,25,133,NASDAQ,""
1704106563000000000,AAPL,182.3005,424,182.2855,182.3155,103,141,NASDAQ,""
1704106564000000000,AAPL,182.2945,137,182.2660,182.3231,127,48,NASDAQ,""
1704106565000000000,AAPL,182.2866,146,182.2648,182.3084,225,90,NASDAQ,""
1704106566000000000,AAPL,182.2918,319,182.2598,182.3238,158,195,NASDAQ,""
1704106567000000000,AAPL,182.2880,152,182.2569,182.3191,90,106,NASDAQ,""
1704106568000000000,AAPL,182.2384,76,182.2231,182.2537,76,214,NASDAQ,""
1704106569000000000,AAPL,182.2584,295,182.2295,182.2873,84,146,NASDAQ,""
1704106570000000000,AAPL,182.2647,68,182.2293,182.3002,217,242,NASDAQ,""
1704106571000000000,AAPL,182.2731,383,182.2624,182.2837,71,122,NASDAQ,""
1704106572000000000,AAPL,182.2978,440,182.2851,182.3105,55,166,NASDAQ,""
1704106573000000000,AAPL,182.2886,206,182.2526,182.3245,49,189,NASDAQ,""
1704106574000000000,AAPL,182.2852,444,182.2504,182.3199,95,96,NASDAQ,""
1704106575000000000,AAPL,182.2936,417,182.2683,182.3188,105,144,NASDAQ,""
1704106576000000000,AAPL,182.2853,306,182.2596,182.3111,28,147,NASDAQ,""
1704106577000000000,AAPL,182.2642,411,182.2250,182.3035,109,50,NASDAQ,""
1704106578000000000,AAPL,182.2649,346,182.2270,182.3029,185,183,NASDAQ,""
1704106579000000000,AAPL,182.2402,213,182.2160,182.2644,209,25,NASDAQ,""
1704106580000000000,AAPL,182.2634,157,182.2512,182.2756,29,211,NASDAQ,""
1704106581000000000,AAPL,182.2591,483,182.2456,182.2726,122,234,NASDAQ,""
1704106582000000000,AAPL,182.2653,209,182.2528,182.2777,89,49,NASDAQ,""
1704106583000000000,AAPL,182.2598,275,182.2231,182.2964,223,149,NASDAQ,""
1704106584000000000,AAPL,182.2376,480,182.2202,182.2551,72,168,NASDAQ,""
1704106585000000000,AAPL,182.2086,498,182.1921,182.2251,115,242,NASDAQ,""
1704106586000000000,AAPL,182.2035,344,182.1779,182.2291,62,16,NASDAQ,""
1704106587000000000,AAPL,182.1912,346,182.1777,182.2046,218,196,NASDAQ,""
1704106588000000000,AAPL,182.1821,183,182.1725,182.1917,143,70,NASDAQ,""
1704106589000000000,AAPL,182.1865,352,182.1663,182.2068,179,54,NASDAQ,""
1704106590000000000,AAPL,182.1742,365,182.1505,182.1979,65,243,NASDAQ,""
1704106591000000000,AAPL,182.1666,459,182.1358,182.1974,140,141,NASDAQ,""
1704106592000000000,AAPL,182.1515,102,182.1250,182.1780,100,47,NASDAQ,""
1704106593000000000,AAPL,182.1708,79,182.1393,182.2024,225,195,NASDAQ,""
1704106594000000000,AAPL,182.1797,249,182.1641,182.1953,236,63,NASDAQ,""
1704106595000000000,AAPL,182.2019,499,182.1754,182.2284,155,191,NASDAQ,""
1704106596000000000,AAPL,182.1962,383,182.1760,182.2164,99,181,NASDAQ,""
1704106597000000000,AAPL,182.1871,498,182.1531,182.2212,170,138,NASDAQ,""
1704106598000000000,AAPL,182.1712,156,182.1371,182.2054,11,88,NASDAQ,""
1704106599000000000,AAPL,182.1867,383,182.1525,182.2210,184,189,NASDAQ,""
1704106600000000000,AAPL,182.1969,77,182.1809,182.2129,158,59,NASDAQ,""
1704106601000000000,AAPL,182.2006,244,182.1845,182.2167,85,123,NASDAQ,""
1704106602000000000,AAPL,182.1671,301,182.1230,182.2112,206,47,NASDAQ,""
1704106603000000000,AAPL,182.1778,186,182.1357,182.2198,220,214,NASDAQ,""
1704106604000000000,AAPL,182.1588,285,182.1377,182.1799,63,201,NASDAQ,""
1704106605000000000,AAPL,182.1814,319,182.1403,182.2226,191,103,NASDAQ,""
1704106606000000000,AAPL,182.2012,470,182.1753,182.2272,241,175,NASDAQ,""
1704106607000000000,AAPL,182.1626,206,182.1291,182.1961,208,30,NASDAQ,""
1704106608000000000,AAPL,182.1760,356,182.1490,182.2030,67,232,NASDAQ,""
1704106609000000000,AAPL,182.2053,75,182.1752,182.2354,98,127,NASDAQ,""
1704106610000000000,AAPL,182.1879,267,182.1705,182.2053,42,125,NASDAQ,""
1704106611000000000,AAPL,182.2005,134,182.1552,182.2459,160,194,NASDAQ,""
1704106612000000000,AAPL,182.2079,450,182.1680,182.2479,156,113,NASDAQ,""
1704106613000000000,AAPL,182.2081,270,182.1944,182.2217,170,69,NASDAQ,""
1704106614000000000,AAPL,182.1772,93,182.1386,182.2157,142,31,NASDAQ,""
1704106615000000000,AAPL,182.2074,161,182.1706,182.2442,207,142,NASDAQ,""
1704106616000000000,AAPL,182.2000,301,182.1728,182.2271,122,16,NASDAQ,""
1704106617000000000,AAPL,182.1842,437,182.1554,182.2129,77,148,NASDAQ,""
1704106618000000000,AAPL,182.1578,54,182.1201,182.1955,20,211,NASDAQ,""
1704106619000000000,AAPL,182.1600,71,182.1281,182.1919,117,232,NASDAQ,""
1704106620000000000,AAPL,182.1647,461,182.1388,182.1907,53,69,NASDAQ,""
1704106621000000000,AAPL,182.1624,412,182.1332,182.1916,233,115,NASDAQ,""
1704106622000000000,AAPL,182.1497,100,182.1286,182.1707,33,154,NASDAQ,""
1704106623000000000,AAPL,182.1451,307,182.1230,182.1672,122,123,NASDAQ,""
1704106624000000000,AAPL,182.1362,360,182.0997,182.1727,64,47,NASDAQ,""
1704106625000000000,AAPL,182.1529,155,182.1198,182.1859,122,139,NASDAQ,""
1704106626000000000,AAPL,182.1575,452,182.1295,182.1855,234,11,NASDAQ,""
1704106627000000000,AAPL,182.0974,322,182.0669,182.1279,142,141,NASDAQ,""
1704106628000000000,AAPL,182.1066,254,182.0800,182.1333,197,165,NASDAQ,""
1704106629000000000,AAPL,182.0834,364,182.0668,182.0999,197,188,NASDAQ,""
1704106630000000000,AAPL,182.0660,305,182.0490,182.0831,126,186,NASDAQ,""
1704106631000000000,AAPL,182.0932,178,182.0643,182.1221,218,249,NASDAQ,""
1704106632000000000,AAPL,182.0669,481,182.0570,182.0769,165,125,NASDAQ,""
1704106633000000000,AAPL,182.0418,370,182.0126,182.0710,201,22,NASDAQ,""
1704106634000000000,AAPL,182.0392,371,182.0159,182.0625,232,128,NASDAQ,""
1704106635000000000,AAPL,182.0372,167,182.0276,182.0468,133,120,NASDAQ,""
1704106636000000000,AAPL,182.0151,284,181.9966,182.0335,118,68,NASDAQ,""
1704106637000000000,AAPL,181.9967,242,181.9543,182.0391,201,41,NASDAQ,""
1704106638000000000,AAPL,181.9917,295,181.9801,182.0034,138,147,NASDAQ,""
1704106639000000000,AAPL,181.9895,92,181.9766,182.0025,153,120,NASDAQ,""
1704106640000000000,AAPL,181.9749,404,181.9422,182.0075,188,150,NASDAQ,""
1704106641000000000,AAPL,181.9785,194,181.9479,182.0091,216,83,NASDAQ,""
1704106642000000000,AAPL,182.0132,311,181.9777,182.0487,62,208,NASDAQ,""
1704106643000000000,AAPL,181.9986,423,181.9835,182.0138,243,123,NASDAQ,""
1704106644000000000,AAPL,182.0107,78,181.9923,182.0292,224,68,NASDAQ,""
1704106645000000000,AAPL,182.0006,326,181.9609,182.0403,200,163,NASDAQ,""
1704106646000000000,AAPL,182.0039,403,181.9606,182.0473,79,172,NASDAQ,""
1704106647000000000,AAPL,181.9898,296,181.9493,182.0302,15,44,NASDAQ,""
1704106648000000000,AAPL,182.0150,107,181.9774,182.0525,194,119,NASDAQ,""
1704106649000000000,AAPL,182.0187,377,182.0060,182.0314,245,17,NASDAQ,""
1704106650000000000,AAPL,182.0513,493,182.0259,182.0767,221,62,NASDAQ,""
1704106651000000000,AAPL,182.0601,123,182.0259,182.0942,173,217,NASDAQ,""
1704106652000000000,AAPL,182.0827,77,182.0673,182.0981,220,216,NASDAQ,""
1704106653000000000,AAPL,182.0923,70,182.0556,182.1291,12,110,NASDAQ,""
1704106654000000000,AAPL,182.1194,219,182.1044,182.1345,150,46,NASDAQ,""
1704106655000000000,AAPL,182.1078,345,182.0876,182.1281,129,239,NASDAQ,""
1704106656000000000,AAPL,182.1191,100,182.0946,182.1435,100,129,NASDAQ,""
1704106657000000000,AAPL,182.1298,114,182.0963,182.1632,120,217,NASDAQ,""
1704106658000000000,AAPL,182.1338,365,182.1204,182.1473,218,75,NASDAQ,""
1704106659000000000,AAPL,182.1351,133,182.1133,182.1570,16,45,NASDAQ,""
1704106660000000000,AAPL,182.1577,453,182.1215,182.1940,11,104,NASDAQ,""
1704106661000000000,AAPL,182.1671,358,182.1487,182.1855,240,88,NASDAQ,""
1704106662000000000,AAPL,182.1334,450,182.1060,182.1609,41,111,NASDAQ,""
1704106663000000000,AAPL,182.1145,166,182.0828,182.1461,198,77,NASDAQ,""
1704106664000000000,AAPL,182.1059,67,182.0948,182.1171,134,177,NASDAQ,""
1704106665000000000,AAPL,182.1425,143,182.1019,182.1832,232,78,NASDAQ,""
1704106666000000000,AAPL,182.1531,183,182.1360,182.1701,162,19,NASDAQ,""
1704106667000000000,AAPL,182.1836,466,182.1519,182.2153,67,103,NASDAQ,""
1704106668000000000,AAPL,182.1529,120,182.1097,182.1960,39,33,NASDAQ,""
1704106669000000000,AAPL,182.1517,83,182.1187,182.1846,38,154,NASDAQ,""
1704106670000000000,AAPL,182.1297,290,182.1093,182.1501,156,114,NASDAQ,""
1704106671000000000,AAPL,182.1274,217,182.0915,182.1633,119,126,NASDAQ,""
1704106672000000000,AAPL,182.1366,393,182.1076,182.1655,143,102,NASDAQ,""
1704106673000000000,AAPL,182.1533,471,182.1338,182.1728,68,239,NASDAQ,""
1704106674000000000,AAPL,182.1555,374,182.1419,182.1692,82,237,NASDAQ,""
1704106675000000000,AAPL,182.1593,403,182.1460,182.1725,19,213,NASDAQ,""
1704106676000000000,AAPL,182.1524,500,182.1372,182.1677,57,232,NASDAQ,""
1704106677000000000,AAPL,182.1724,159,182.1466,182.1982,230,162,NASDAQ,""
1704106678000000000,AAPL,182.1883,432,182.1448,182.2318,137,128,NASDAQ,""
1704106679000000000,AAPL,182.1952,472,182.1528,182.2376,162,42,NASDAQ,""
1704106680000000000,AAPL,182.1878,434,182.1532,182.2224,128,156,NASDAQ,""
1704106681000000000,AAPL,182.1867,106,182.1493,182.2241,109,26,NASDAQ,""
1704106682000000000,AAPL,182.1545,385,182.1293,182.1797,101,159,NASDAQ,""
1704106683000000000,AAPL,182.1148,780,182.0725,182.1572,206,208,NASDAQ,""
1704106684000000000,AAPL,182.1227,289,182.0868,182.1586,170,24,NASDAQ,""
1704106685000000000,AAPL,182.1026,488,182.0726,182.1325,239,118,NASDAQ,""
1704106686000000000,AAPL,182.0598,431,182.0385,182.0810,248,39,NASDAQ,""
1704106687000000000,AAPL,182.0554,299,182.0262,182.0845,116,205,NASDAQ,""
1704106688000000000,AAPL,182.0732,409,182.0479,182.0986,72,250,NASDAQ,""
1704106689000000000,AAPL,182.0946,336,182.0750,182.1141,68,122,NASDAQ,""
1704106690000000000,AAPL,182.0798,186,182.0707,182.0890,57,68,NASDAQ,""
1704106691000000000,AAPL,182.0503,165,182.0123,182.0883,28,131,NASDAQ,""
1704106692000000000,AAPL,182.0770,426,182.0547,182.0992,129,127,NASDAQ,""
1704106693000000000,AAPL,182.1146,52,182.0945,182.1348,138,115,NASDAQ,""
1704106694000000000,AAPL,182.0852,401,182.0752,182.0951,202,200,NASDAQ,""
1704106695000000000,AAPL,182.0766,133,182.0504,182.1028,135,236,NASDAQ,""
1704106696000000000,AAPL,182.0756,422,182.0478,182.1034,206,42,NASDAQ,""
1704106697000000000,AAPL,182.0726,279,182.0288,182.1164,38,179,NASDAQ,""
1704106698000000000,AAPL,182.0803,184,182.0457,182.1150,83,183,NASDAQ,""
1704106699000000000,AAPL,182.0744,427,182.0642,182.0846,69,113,NASDAQ,""
1704106700000000000,AAPL,182.0531,180,182.0416,182.0646,23,57,NASDAQ,""
1704106701000000000,AAPL,182.0670,238,182.0274,182.1067,155,145,NASDAQ,""
1704106702000000000,AAPL,182.0758,331,182.0574,182.0943,181,37,NASDAQ,""
1704106703000000000,AAPL,182.0618,190,182.0271,182.0966,198,65,NASDAQ,""
1704106704000000000,AAPL,182.0566,473,182.0322,182.0811,208,208,NASDAQ,""
1704106705000000000,AAPL,182.0176,450,181.9815,182.0538,143,227,NASDAQ,""
1704106706000000000,AAPL,182.0434,301,182.0298,182.0571,195,133,NASDAQ,""
1704106707000000000,AAPL,182.0732,419,182.0605,182.0858,196,97,NASDAQ,""
1704106708000000000,AAPL,182.0985,66,182.0826,182.1144,172,56,NASDAQ,""
1704106709000000000,AAPL,182.1156,302,182.1003,182.1309,102,184,NASDAQ,""
1704106710000000000,AAPL,182.0842,215,182.0571,182.1113,150,101,NASDAQ,""
1704106711000000000,AAPL,182.0599,183,182.0373,182.0825,195,93,NASDAQ,""
1704106712000000000,AAPL,182.0539,252,182.0221,182.0857,15,39,NASDAQ,""
1704106713000000000,AAPL,182.0745,91,182.0318,182.1172,210,116,NASDAQ,""
1704106714000000000,AAPL,182.0420,462,182.0000,182.0839,62,151,NASDAQ,""
1704106715000000000,AAPL,182.0463,260,182.0013,182.0913,112,112,NASDAQ,""
1704106716000000000,AAPL,182.0521,138,182.0338,182.0705,161,20,NASDAQ,""
1704106717000000000,AAPL,182.0683,310,182.0368,182.0999,191,147,NASDAQ,""
1704106718000000000,AAPL,182.0801,277,182.0398,182.1203,120,113,NASDAQ,""
1704106719000000000,AAPL,182.0758,244,182.0601,182.0916,236,57,NASDAQ,""
1704106720000000000,AAPL,182.0490,71,182.0039,182.0941,153,196,NASDAQ,""
1704106721000000000,AAPL,182.0603,281,182.0438,182.0768,116,199,NASDAQ,""
1704106722000000000,AAPL,182.0635,259,182.0309,182.0961,27,101,NASDAQ,""
1704106723000000000,AAPL,182.0733,256,182.0341,182.1125,83,83,NASDAQ,""
1704106724000000000,AAPL,182.0359,60,182.0091,182.0627,150,194,NASDAQ,""
1704106725000000000,AAPL,182.0213,337,181.9935,182.0492,171,34,NASDAQ,""
1704106726000000000,AAPL,182.0329,256,182.0215,182.0443,157,110,NASDAQ,""
1704106727000000000,AAPL,182.0352,239,182.0009,182.0695,20,202,NASDAQ,""
1704106728000000000,AAPL,182.0257,260,181.9903,182.0611,173,37,NASDAQ,""
1704106729000000000,AAPL,182.0140,460,181.9734,182.0545,227,78,NASDAQ,""
1704106730000000000,AAPL,181.9946,87,181.9787,182.0105,106,22,NASDAQ,""
1704106731000000000,AAPL,181.9992,174,181.9551,182.0433,26,202,NASDAQ,""
1704106732000000000,AAPL,181.9853,140,181.9527,182.0178,19,44,NASDAQ,""
1704106733000000000,AAPL,181.9997,477,181.9845,182.0148,39,240,NASDAQ,""
1704106734000000000,AAPL,182.0077,181,181.9704,182.0450,162,41,NASDAQ,""
1704106735000000000,AAPL,181.9768,193,181.9462,182.0074,89,214,NASDAQ,""
1704106736000000000,AAPL,181.9754,126,181.9472,182.0036,43,46,NASDAQ,""
1704106737000000000,AAPL,181.9576,479,181.9450,181.9701,85,141,NASDAQ,""
1704106738000000000,AAPL,181.9315,243,181.9055,181.9575,148,100,NASDAQ,""
1704106739000000000,AAPL,181.9230,267,181.9009,181.9450,22,40,NASDAQ,""
1704106740000000000,AAPL,181.9222,375,181.8868,181.9577,242,215,NASDAQ,""
1704106741000000000,AAPL,181.9290,310,181.9040,181.9540,128,154,NASDAQ,""
1704106742000000000,AAPL,181.9413,297,181.9251,181.9575,145,163,NASDAQ,""
1704106743000000000,AAPL,181.9499,174,181.9317,181.9681,219,181,NASDAQ,""
1704106744000000000,AAPL,181.9141,94,181.9032,181.9249,124,126,NASDAQ,""
1704106745000000000,AAPL,181.9177,233,181.9073,181.9281,14,164,NASDAQ,""
1704106746000000000,AAPL,181.9156,498,181.8866,181.9445,133,166,NASDAQ,""
1704106747000000000,AAPL,181.9006,286,181.8677,181.9336,244,101,NASDAQ,""
1704106748000000000,AAPL,181.8679,171,181.8322,181.9035,26,200,NASDAQ,""
1704106749000000000,AAPL,181.8618,315,181.8475,181.8761,66,172,NASDAQ,""
1704106750000000000,AAPL,181.8432,492,181.8007,181.8857,182,177,NASDAQ,""
1704106751000000000,AAPL,181.8201,321,181.8007,181.8395,45,191,NASDAQ,""
1704106752000000000,AAPL,181.8296,172,181.7923,181.8670,66,122,NASDAQ,""
1704106753000000000,AAPL,181.8110,232,181.7836,181.8385,42,130,NASDAQ,""
1704106754000000000,AAPL,181.7995,275,181.7784,181.8206,55,44,NASDAQ,""
1704106755000000000,AAPL,181.7812,232,181.7381,181.8244,102,152,NASDAQ,""
1704106756000000000,AAPL,181.7893,380,181.7731,181.8054,47,41,NASDAQ,""
1704106757000000000,AAPL,181.7742,94,181.7484,181.8000,130,184,NASDAQ,""
1704106758000000000,AAPL,181.7798,126,181.7510,181.8086,98,238,NASDAQ,""
1704106759000000000,AAPL,181.7825,286,181.7406,181.8244,90,250,NASDAQ,""
1704106760000000000,AAPL,181.7940,407,181.7717,181.8163,53,19,NASDAQ,""
1704106761000000000,AAPL,181.7727,487,181.7451,181.8003,10,226,NASDAQ,""
1704106762000000000,AAPL,181.7708,432,181.7271,181.8144,160,87,NASDAQ,""
1704106763000000000,AAPL,181.7557,427,181.7342,181.7771,186,239,NASDAQ,""
1704106764000000000,AAPL,181.7039,482,181.6807,181.7270,35,131,NASDAQ,""
1704106765000000000,AAPL,181.6829,476,181.6707,181.6952,11,10,NASDAQ,""
1704106766000000000,AAPL,181.6789,284,181.6507,181.7070,246,179,NASDAQ,""
1704106767000000000,AAPL,181.6710,303,181.6417,181.7003,242,80,NASDAQ,""
1704106768000000000,AAPL,181.6761,142,181.6315,181.7207,78,95,NASDAQ,""
1704106769000000000,AAPL,181.6651,352,181.6232,181.7070,164,153,NASDAQ,""
1704106770000000000,AAPL,181.6287,370,181.6061,181.6513,123,136,NASDAQ,""
1704106771000000000,AAPL,181.6310,50,181.5994,181.6626,79,200,NASDAQ,""
1704106772000000000,AAPL,181.5858,260,181.5695,181.6021,82,138,NASDAQ,""
1704106773000000000,AAPL,181.5746,70,181.5454,181.6037,17,85,NASDAQ,""
1704106774000000000,AAPL,181.5647,111,181.5417,181.5878,221,11,NASDAQ,""
1704106775000000000,AAPL,181.5488,281,181.5100,181.5875,63,194,NASDAQ,""
1704106776000000000,AAPL,181.5469,424,181.5284,181.5655,10,115,NASDAQ,""
1704106777000000000,AAPL,181.5437,293,181.4996,181.5879,23,195,NASDAQ,""
1704106778000000000,AAPL,181.5365,395,181.5196,181.5533,197,176,NASDAQ,""
1704106779000000000,AAPL,181.5460,396,181.5254,181.5667,30,55,NASDAQ,""
1704106780000000000,AAPL,181.5313,406,181.5081,181.5545,238,250,NASDAQ,""
1704106781000000000,AAPL,181.5421,111,181.5213,181.5629,119,17,NASDAQ,""
1704106782000000000,AAPL,181.5677,474,181.5479,181.5875,78,84,NASDAQ,""
1704106783000000000,AAPL,181.5834,391,181.5644,181.6024,81,246,NASDAQ,""
1704106784000000000,AAPL,181.5710,444,181.5497,181.5923,248,77,NASDAQ,""
1704106785000000000,AAPL,181.5708,394,181.5511,181.5906,55,166,NASDAQ,""
1704106786000000000,AAPL,181.5459,332,181.5167,181.5750,114,10,NASDAQ,""
1704106787000000000,AAPL,181.5295,389,181.4930,181.5660,180,119,NASDAQ,""
1704106788000000000,AAPL,181.5043,495,181.4808,181.5277,241,29,NASDAQ,""
1704106789000000000,AAPL,181.5293,235,181.5041,181.5546,218,92,NASDAQ,""
1704106790000000000,AAPL,181.5605,363,181.5430,181.5780,185,184,NASDAQ,""
1704106791000000000,AAPL,181.5954,371,181.5581,181.6326,221,220,NASDAQ,""
1704106792000000000,AAPL,181.6279,465,181.5978,181.6580,156,72,NASDAQ,""
1704106793000000000,AAPL,181.6641,390,181.6267,181.7015,122,45,NASDAQ,""
1704106794000000000,AAPL,181.6477,157,181.6141,181.6813,143,156,NASDAQ,""
1704106795000000000,AAPL,181.6361,286,181.6020,181.6702,161,159,NASDAQ,""
1704106796000000000,AAPL,181.6553,189,181.6159,181.6948,136,149,NASDAQ,""
1704106797000000000,AAPL,181.6540,280,181.6285,181.6794,210,41,NASDAQ,""
1704106798000000000,AAPL,181.6634,363,181.6406,181.6863,73,147,NASDAQ,""
1704106799000000000,AAPL,181.6697,106,181.6464,181.6931,210,122,NASDAQ,""
1704106800000000000,AAPL,181.6762,273,181.6514,181.7010,194,39,NASDAQ,""
1704106801000000000,AAPL,181.6714,436,181.6589,181.6838,179,135,NASDAQ,""
1704106802000000000,AAPL,181.6712,138,181.6490,181.6933,203,95,NASDAQ,""
1704106803000000000,AAPL,181.6753,255,181.6430,181.7076,202,114,NASDAQ,""
1704106804000000000,AAPL,181.6539,2245,181.6099,181.6979,137,135,NASDAQ,""
1704106805000000000,AAPL,181.6807,448,181.6476,181.7139,141,192,NASDAQ,""
1704106806000000000,AAPL,181.7066,458,181.6943,181.7190,31,51,NASDAQ,""
1704106807000000000,AAPL,181.6886,96,181.6529,181.7244,248,202,NASDAQ,""
1704106808000000000,AAPL,181.6756,195,181.6324,181.7189,69,155,NASDAQ,""
1704106809000000000,AAPL,181.6816,488,181.6562,181.7069,196,207,NASDAQ,""
1704106810000000000,AAPL,181.7203,370,181.6793,181.7612,49,36,NASDAQ,""
1704106811000000000,AAPL,181.7224,144,181.7041,181.7407,174,135,NASDAQ,""
1704106812000000000,AAPL,181.7448,306,181.7130,181.7765,131,29,NASDAQ,""
1704106813000000000,AAPL,181.7039,77,181.6646,181.7432,210,244,NASDAQ,""
1704106814000000000,AAPL,181.6739,350,181.6299,181.7179,132,172,NASDAQ,""
1704106815000000000,AAPL,181.6763,459,181.6577,181.6949,126,100,NASDAQ,""
1704106816000000000,AAPL,181.6753,202,181.6478,181.7028,118,178,NASDAQ,""
1704106817000000000,AAPL,181.6527,209,181.6123,181.6931,58,137,NASDAQ,""
1704106818000000000,AAPL,181.6510,58,181.6159,181.6861,141,218,NASDAQ,""
1704106819000000000,AAPL,181.6423,474,181.5997,181.6849,144,110,NASDAQ,""
1704106820000000000,AAPL,181.6288,84,181.6069,181.6507,88,53,NASDAQ,""
1704106821000000000,AAPL,181.6374,392,181.6274,181.6473,115,20,NASDAQ,""
1704106822000000000,AAPL,181.6434,430,181.6220,181.6648,78,91,NASDAQ,""
1704106823000000000,AAPL,181.6547,436,181.6248,181.6845,149,231,NASDAQ,""
1704106824000000000,AAPL,181.6418,331,181.6211,181.6625,133,168,NASDAQ,""
1704106825000000000,AAPL,181.6518,73,181.6064,181.6972,237,179,NASDAQ,""
1704106826000000000,AAPL,181.6675,65,181.6229,181.7122,213,62,NASDAQ,""
1704106827000000000,AAPL,181.6621,428,181.6432,181.6810,25,72,NASDAQ,""
1704106828000000000,AAPL,181.6645,279,181.6272,181.7017,152,28,NASDAQ,""
1704106829000000000,AAPL,181.6753,98,181.6547,181.6959,107,10,NASDAQ,""
1704106830000000000,AAPL,181.6964,446,181.6720,181.7208,238,162,NASDAQ,""
1704106831000000000,AAPL,181.7187,442,181.6855,181.7519,163,98,NASDAQ,""
1704106832000000000,AAPL,181.7251,76,181.6962,181.7540,59,194,NASDAQ,""
1704106833000000000,AAPL,181.7104,368,181.6695,181.7514,57,240,NASDAQ,""
1704106834000000000,AAPL,181.7277,343,181.6950,181.7603,73,249,NASDAQ,""
1704106835000000000,AAPL,181.7214,419,181.6881,181.7548,193,52,NASDAQ,""
1704106836000000000,AAPL,181.7222,420,181.6834,181.7610,142,177,NASDAQ,""
1704106837000000000,AAPL,181.6980,296,181.6759,181.7201,40,172,NASDAQ,""
1704106838000000000,AAPL,181.6832,303,181.6519,181.7145,53,149,NASDAQ,""
1704106839000000000,AAPL,181.6977,385,181.6557,181.7397,218,31,NASDAQ,""
1704106840000000000,AAPL,181.7115,153,181.6674,181.7557,156,36,NASDAQ,""
1704106841000000000,AAPL,181.7148,173,181.6873,181.7423,132,22,NASDAQ,""
1704106842000000000,AAPL,181.7176,448,181.6723,181.7630,26,106,NASDAQ,""
1704106843000000000,AAPL,181.7414,409,181.7164,181.7664,141,26,NASDAQ,""
1704106844000000000,AAPL,181.7054,326,181.6807,181.7300,193,187,NASDAQ,""
1704106845000000000,AAPL,181.7240,229,181.7092,181.7387,43,172,NASDAQ,""
1704106846000000000,AAPL,181.7551,84,181.7161,181.7941,123,145,NASDAQ,""
1704106847000000000,AAPL,181.7788,306,181.7410,181.8166,84,184,NASDAQ,""
1704106848000000000,AAPL,181.7772,246,181.7636,181.7908,177,204,NASDAQ,""
1704106849000000000,AAPL,181.7641,435,181.7490,181.7791,90,40,NASDAQ,""
1704106850000000000,AAPL,181.7563,465,181.7155,181.7972,55,173,NASDAQ,""
1704106851000000000,AAPL,181.7486,282,181.7252,181.7720,117,70,NASDAQ,""
1704106852000000000,AAPL,181.7413,410,181.6978,181.7847,33,214,NASDAQ,""
1704106853000000000,AAPL,181.7183,345,181.6939,181.7427,139,92,NASDAQ,""
1704106854000000000,AAPL,181.6765,66,181.6468,181.7062,167,232,NASDAQ,""
1704106855000000000,AAPL,181.6672,267,181.6234,181.7109,99,178,NASDAQ,""
1704106856000000000,AAPL,181.6548,261,181.6204,181.6892,119,221,NASDAQ,""
1704106857000000000,AAPL,181.6345,117,181.6116,181.6574,79,170,NASDAQ,""
1704106858000000000,AAPL,181.6594,319,181.6151,181.7037,100,204,NASDAQ,""
1704106859000000000,AAPL,181.6689,308,181.6274,181.7103,91,102,NASDAQ,""
1704106860000000000,AAPL,181.6718,424,181.6364,181.7072,243,157,NASDAQ,""
1704106861000000000,AAPL,181.6998,351,181.6775,181.7221,56,45,NASDAQ,""
1704106862000000000,AAPL,181.6876,198,181.6423,181.7329,74,119,NASDAQ,""
1704106863000000000,AAPL,181.6650,129,181.6391,181.6909,89,223,NASDAQ,""
1704106864000000000,AAPL,181.6428,196,181.6124,181.6732,233,112,NASDAQ,""
1704106865000000000,AAPL,181.6681,94,181.6277,181.7085,234,70,NASDAQ,""
1704106866000000000,AAPL,181.6724,144,181.6593,181.6856,166,248,NASDAQ,""
1704106867000000000,AAPL,181.6684,111,181.6590,181.6779,74,143,NASDAQ,""
1704106868000000000,AAPL,181.6492,379,181.6091,181.6892,33,29,NASDAQ,""
1704106869000000000,AAPL,181.6398,331,181.6163,181.6634,186,183,NASDAQ,""
1704106870000000000,AAPL,181.6623,121,181.6249,181.6998,144,97,NASDAQ,""
1704106871000000000,AAPL,181.6871,260,181.6706,181.7035,160,147,NASDAQ,""
1704106872000000000,AAPL,181.7029,403,181.6759,181.7300,149,122,NASDAQ,""
1704106873000000000,AAPL,181.7056,115,181.6939,181.7172,233,107,NASDAQ,""
1704106874000000000,AAPL,181.7464,497,181.7037,181.7890,187,69,NASDAQ,""
1704106875000000000,AAPL,181.7561,231,181.7378,181.7744,177,51,NASDAQ,""
1704106876000000000,AAPL,181.7693,367,181.7303,181.8083,131,194,NASDAQ,""
1704106877000000000,AAPL,181.7700,356,181.7391,181.8009,44,118,NASDAQ,""
1704106878000000000,AAPL,181.7909,209,181.7676,181.8141,193,138,NASDAQ,""
1704106879000000000,AAPL,181.8062,170,181.7894,181.8231,45,139,NASDAQ,""
1704106880000000000,AAPL,181.8105,123,181.7963,181.8248,204,246,NASDAQ,""
1704106881000000000,AAPL,181.8155,401,181.7772,181.8538,145,246,NASDAQ,""
1704106882000000000,AAPL,181.8195,230,181.8066,181.8324,125,131,NASDAQ,""
1704106883000000000,AAPL,181.8436,200,181.8313,181.8560,91,91,NASDAQ,""
1704106884000000000,AAPL,181.8556,388,181.8160,181.8952,233,177,NASDAQ,""
1704106885000000000,AAPL,181.8592,229,181.8427,181.8757,67,203,NASDAQ,""
1704106886000000000,AAPL,181.8515,461,181.8419,181.8612,49,120,NASDAQ,""
1704106887000000000,AAPL,181.8639,339,181.8405,181.8872,101,45,NASDAQ,""
1704106888000000000,AAPL,181.8894,224,181.8723,181.9066,171,129,NASDAQ,""
1704106889000000000,AAPL,181.8980,180,181.8581,181.9378,234,137,NASDAQ,""
1704106890000000000,AAPL,181.9199,253,181.8980,181.9419,233,88,NASDAQ,""
1704106891000000000,AAPL,181.9099,485,181.8975,181.9223,226,88,NASDAQ,""
1704106892000000000,AAPL,181.8960,87,181.8531,181.9388,43,84,NASDAQ,""
1704106893000000000,AAPL,181.9126,195,181.9020,181.9231,198,143,NASDAQ,""
1704106894000000000,AAPL,181.8874,83,181.8481,181.9267,61,194,NASDAQ,""
1704106895000000000,AAPL,181.8737,141,181.8599,181.8875,184,14,NASDAQ,""
1704106896000000000,AAPL,181.8314,283,181.8055,181.8573,155,15,NASDAQ,""
1704106897000000000,AAPL,181.8269,405,181.7901,181.8637,175,176,NASDAQ,""
1704106898000000000,AAPL,181.8395,153,181.7954,181.8835,186,162,NASDAQ,""
1704106899000000000,AAPL,181.8392,263,181.7975,181.8810,51,100,NASDAQ,""
1704106900000000000,AAPL,181.8404,63,181.8034,181.8775,248,121,NASDAQ,""
1704106901000000000,AAPL,181.8352,492,181.8117,181.8587,241,193,NASDAQ,""
1704106902000000000,AAPL,181.8424,194,181.8209,181.8639,197,133,NASDAQ,""
1704106903000000000,AAPL,181.8206,338,181.7938,181.8475,211,75,NASDAQ,""
1704106904000000000,AAPL,181.8291,285,181.8001,181.8581,64,188,NASDAQ,""
1704106905000000000,AAPL,181.7903,461,181.7524,181.8281,216,63,NASDAQ,""
1704106906000000000,AAPL,181.7945,343,181.7666,181.8225,46,109,NASDAQ,""
1704106907000000000,AAPL,181.7741,366,181.7390,181.8092,185,136,NASDAQ,""
1704106908000000000,AAPL,181.7927,405,181.7493,181.8361,54,56,NASDAQ,""
1704106909000000000,AAPL,181.7823,990,181.7528,181.8119,183,117,NASDAQ,""
1704106910000000000,AAPL,181.7857,144,181.7560,181.8154,236,83,NASDAQ,""
1704106911000000000,AAPL,181.7712,405,181.7344,181.8080,126,120,NASDAQ,""
1704106912000000000,AAPL,181.7966,366,181.7765,181.8168,101,49,NASDAQ,""
1704106913000000000,AAPL,181.7817,488,181.7509,181.8125,43,125,NASDAQ,""
1704106914000000000,AAPL,181.8055,469,181.7605,181.8504,79,220,NASDAQ,""
1704106915000000000,AAPL,181.7899,169,181.7457,181.8341,177,179,NASDAQ,""
1704106916000000000,AAPL,181.8070,132,181.7972,181.8169,74,140,NASDAQ,""
1704106917000000000,AAPL,181.7966,456,181.7584,181.8347,223,78,NASDAQ,""
1704106918000000000,AAPL,181.7943,379,181.7727,181.8160,63,206,NASDAQ,""
1704106919000000000,AAPL,181.8021,359,181.7765,181.8276,207,240,NASDAQ,""
1704106920000000000,AAPL,181.7991,86,181.7817,181.8165,142,42,NASDAQ,""
1704106921000000000,AAPL,181.8103,368,181.7787,181.8418,90,163,NASDAQ,""
1704106922000000000,AAPL,181.7874,349,181.7639,181.8109,151,128,NASDAQ,""
1704106923000000000,AAPL,181.8161,134,181.8037,181.8284,173,64,NASDAQ,""
1704106924000000000,AAPL,181.8191,125,181.7812,181.8571,41,166,NASDAQ,""
1704106925000000000,AAPL,181.7890,215,181.7744,181.8035,204,216,NASDAQ,""
1704106926000000000,AAPL,181.8128,448,181.7957,181.8300,200,202,NASDAQ,""
1704106927000000000,AAPL,181.8111,324,181.7974,181.8248,187,177,NASDAQ,""
1704106928000000000,AAPL,181.7719,107,181.7446,181.7993,50,76,NASDAQ,""
1704106929000000000,AAPL,181.7720,283,181.7307,181.8133,149,84,NASDAQ,""
1704106930000000000,AAPL,181.7773,389,181.7672,181.7874,220,67,NASDAQ,""
1704106931000000000,AAPL,181.7531,344,181.7149,181.7912,98,174,NASDAQ,""
1704106932000000000,AAPL,181.7602,193,181.7265,181.7939,154,73,NASDAQ,""
1704106933000000000,AAPL,181.7536,194,181.7257,181.7814,152,97,NASDAQ,""
1704106934000000000,AAPL,181.7832,107,181.7670,181.7995,77,140,NASDAQ,""
1704106935000000000,AAPL,181.7595,403,181.7177,181.8012,52,126,NASDAQ,""
1704106936000000000,AAPL,181.7611,122,181.7218,181.8003,130,146,NASDAQ,""
1704106937000000000,AAPL,181.7576,312,181.7251,181.7901,168,40,NASDAQ,""
1704106938000000000,AAPL,181.7536,418,181.7415,181.7657,93,184,NASDAQ,""
1704106939000000000,AAPL,181.7599,232,181.7204,181.7995,238,156,NASDAQ,""
1704106940000000000,AAPL,181.7469,327,181.7070,181.7868,37,246,NASDAQ,""
1704106941000000000,AAPL,181.7101,122,181.6973,181.7230,199,115,NASDAQ,""
1704106942000000000,AAPL,181.7135,348,181.6892,181.7379,97,10,NASDAQ,""
1704106943000000000,AAPL,181.7283,445,181.7163,181.7403,191,232,NASDAQ,""
1704106944000000000,AAPL,181.7084,140,181.6692,181.7477,167,111,NASDAQ,""
1704106945000000000,AAPL,181.7038,55,181.6943,181.7133,204,220,NASDAQ,""
1704106946000000000,AAPL,181.7203,64,181.6773,181.7634,129,59,NASDAQ,""
1704106947000000000,AAPL,181.7012,147,181.6596,181.7429,168,92,NASDAQ,""
1704106948000000000,AAPL,181.6924,79,181.6739,181.7108,33,58,NASDAQ,""
1704106949000000000,AAPL,181.7100,399,181.6723,181.7476,33,128,NASDAQ,""
1704106950000000000,AAPL,181.7427,325,181.7133,181.7721,221,247,NASDAQ,""
1704106951000000000,AAPL,181.7579,326,181.7470,181.7688,107,172,NASDAQ,""
1704106952000000000,AAPL,181.7368,314,181.7225,181.7511,37,237,NASDAQ,""
1704106953000000000,AAPL,181.7377,444,181.6971,181.7783,157,217,NASDAQ,""
1704106954000000000,AAPL,181.7646,391,181.7420,181.7872,140,154,NASDAQ,""
1704106955000000000,AAPL,181.7755,403,181.7390,181.8120,214,114,NASDAQ,""
1704106956000000000,AAPL,181.7670,317,181.7246,181.8093,239,23,NASDAQ,""
1704106957000000000,AAPL,181.7666,301,181.7287,181.8045,57,177,NASDAQ,""
1704106958000000000,AAPL,181.7513,306,181.7285,181.7742,173,215,NASDAQ,""
1704106959000000000,AAPL,181.7719,333,181.7427,181.8012,86,77,NASDAQ,""
1704106960000000000,AAPL,181.8069,447,181.7892,181.8246,36,40,NASDAQ,""
1704106961000000000,AAPL,181.7998,363,181.7763,181.8232,224,64,NASDAQ,""
1704106962000000000,AAPL,181.8145,82,181.7743,181.8547,122,73,NASDAQ,""
1704106963000000000,AAPL,181.8098,318,181.7823,181.8373,118,218,NASDAQ,""
1704106964000000000,AAPL,181.7946,287,181.7528,181.8364,228,42,NASDAQ,""
1704106965000000000,AAPL,181.7666,437,181.7355,181.7977,182,195,NASDAQ,""
1704106966000000000,AAPL,181.7690,242,181.7513,181.7867,223,161,NASDAQ,""
1704106967000000000,AAPL,181.7859,395,181.7719,181.7999,149,228,NASDAQ,""
1704106968000000000,AAPL,181.7570,84,181.7342,181.7798,91,70,NASDAQ,""
1704106969000000000,AAPL,181.7606,375,181.7481,181.7731,242,131,NASDAQ,""
1704106970000000000,AAPL,181.7417,313,181.7216,181.7618,89,84,NASDAQ,""
1704106971000000000,AAPL,181.7276,231,181.6877,181.7674,135,233,NASDAQ,""
1704106972000000000,AAPL,181.7271,431,181.6869,181.7672,110,90,NASDAQ,""
1704106973000000000,AAPL,181.7223,490,181.6989,181.7458,227,31,NASDAQ,""
1704106974000000000,AAPL,181.7184,423,181.7050,181.7318,125,104,NASDAQ,""
1704106975000000000,AAPL,181.7475,1530,181.7315,181.7636,36,145,NASDAQ,""
1704106976000000000,AAPL,181.7552,492,181.7158,181.7945,67,83,NASDAQ,""
1704106977000000000,AAPL,181.7549,379,181.7170,181.7929,226,237,NASDAQ,""
1704106978000000000,AAPL,181.7463,407,181.7153,181.7772,228,195,NASDAQ,""
1704106979000000000,AAPL,181.7703,157,181.7296,181.8110,118,193,NASDAQ,""
1704106980000000000,AAPL,181.7215,344,181.6897,181.7533,84,87,NASDAQ,""
1704106981000000000,AAPL,181.7119,123,181.6837,181.7402,46,233,NASDAQ,""
1704106982000000000,AAPL,181.6869,484,181.6628,181.7110,189,156,NASDAQ,""
1704106983000000000,AAPL,181.6685,366,181.6412,181.6958,225,240,NASDAQ,""
1704106984000000000,AAPL,181.6874,232,181.6670,181.7078,192,154,NASDAQ,""
1704106985000000000,AAPL,181.6727,450,181.6508,181.6946,167,59,NASDAQ,""
1704106986000000000,AAPL,181.6907,304,181.6483,181.7331,22,113,NASDAQ,""
1704106987000000000,AAPL,181.6803,485,181.6362,181.7244,239,107,NASDAQ,""
1704106988000000000,AAPL,181.6732,57,181.6337,181.7127,146,30,NASDAQ,""
1704106989000000000,AAPL,181.6855,134,181.6518,181.7191,89,12,NASDAQ,""
1704106990000000000,AAPL,181.6917,254,181.6799,181.7034,128,91,NASDAQ,""
1704106991000000000,AAPL,181.6912,199,181.6799,181.7026,133,21,NASDAQ,""
1704106992000000000,AAPL,181.6958,262,181.6521,181.7395,68,13,NASDAQ,""
1704106993000000000,AAPL,181.6842,415,181.6500,181.7183,197,66,NASDAQ,""
1704106994000000000,AAPL,181.6441,213,181.6226,181.6656,109,89,NASDAQ,""
1704106995000000000,AAPL,181.6564,487,181.6184,181.6944,150,22,NASDAQ,""
1704106996000000000,AAPL,181.6652,443,181.6328,181.6976,229,245,NASDAQ,""
1704106997000000000,AAPL,181.6487,173,181.6213,181.6761,143,115,NASDAQ,""
1704106998000000000,AAPL,181.6545,349,181.6387,181.6702,22,80,NASDAQ,""
1704106999000000000,AAPL,181.6816,368,181.6493,181.7139,82,224,NASDAQ,""
1704107000000000000,AAPL,181.6916,178,181.6571,181.7260,181,31,NASDAQ,""
1704107001000000000,AAPL,181.6819,241,181.6607,181.7031,240,71,NASDAQ,""
1704107002000000000,AAPL,181.6961,155,181.6796,181.7126,99,26,NASDAQ,""
1704107003000000000,AAPL,181.6774,254,181.6455,181.7093,215,142,NASDAQ,""
1704107004000000000,AAPL,181.6557,191,181.6320,181.6793,204,101,NASDAQ,""
1704107005000000000,AAPL,181.6283,131,181.5872,181.6693,188,167,NASDAQ,""
1704107006000000000,AAPL,181.6342,326,181.6070,181.6614,47,41,NASDAQ,""
1704107007000000000,AAPL,181.6555,66,181.6194,181.6916,21,178,NASDAQ,""
1704107008000000000,AAPL,181.6438,357,181.6339,181.6537,81,189,NASDAQ,""
1704107009000000000,AAPL,181.6579,51,181.6320,181.6838,184,101,NASDAQ,""
1704107010000000000,AAPL,181.6606,160,181.6350,181.6862,207,236,NASDAQ,""
1704107011000000000,AAPL,181.6817,467,181.6642,181.6993,246,71,NASDAQ,""
1704107012000000000,AAPL,181.6831,303,181.6499,181.7163,136,67,NASDAQ,""
1704107013000000000,AAPL,181.6779,377,181.6673,181.6885,248,181,NASDAQ,""
1704107014000000000,AAPL,181.6893,329,181.6577,181.7208,33,241,NASDAQ,""
1704107015000000000,AAPL,181.6822,105,181.6702,181.6941,157,234,NASDAQ,""
1704107016000000000,AAPL,181.6801,79,181.6370,181.7231,101,23,NASDAQ,""
1704107017000000000,AAPL,181.6506,63,181.6386,181.6626,51,166,NASDAQ,""
1704107018000000000,AAPL,181.6498,186,181.6374,181.6622,57,235,NASDAQ,""
1704107019000000000,AAPL,181.6482,111,181.6288,181.6677,24,118,NASDAQ,""
1704107020000000000,AAPL,181.6599,96,181.6209,181.6989,62,40,NASDAQ,""
1704107021000000000,AAPL,181.6681,155,181.6419,181.6943,64,238,NASDAQ,""
1704107022000000000,AAPL,181.6493,477,181.6292,181.6693,198,192,NASDAQ,""
1704107023000000000,AAPL,181.6526,430,181.6325,181.6728,208,46,NASDAQ,""
1704107024000000000,AAPL,181.6445,470,181.6182,181.6707,23,35,NASDAQ,""
1704107025000000000,AAPL,181.6403,400,181.6115,181.6690,168,11,NASDAQ,""
1704107026000000000,AAPL,181.6266,271,181.6140,181.6391,97,223,NASDAQ,""
1704107027000000000,AAPL,181.6112,114,181.5928,181.6297,204,123,NASDAQ,""
1704107028000000000,AAPL,181.6113,154,181.5679,181.6547,115,170,NASDAQ,""
1704107029000000000,AAPL,181.6115,483,181.5672,181.6559,120,225,NASDAQ,""
1704107030000000000,AAPL,181.6350,262,181.6045,181.6656,87,56,NASDAQ,""
1704107031000000000,AAPL,181.6359,93,181.5910,181.6807,106,207,NASDAQ,""
1704107032000000000,AAPL,181.6650,259,181.6226,181.7074,131,247,NASDAQ,""
1704107033000000000,AAPL,181.6274,221,181.6011,181.6537,65,106,NASDAQ,""
1704107034000000000,AAPL,181.6312,372,181.6004,181.6620,159,198,NASDAQ,""
1704107035000000000,AAPL,181.6303,428,181.6198,181.6409,196,85,NASDAQ,""
1704107036000000000,AAPL,181.6515,156,181.6271,181.6760,64,20,NASDAQ,""
1704107037000000000,AAPL,181.6742,225,181.6509,181.6974,125,161,NASDAQ,""
1704107038000000000,AAPL,181.6618,445,181.6343,181.6893,19,239,NASDAQ,""
1704107039000000000,AAPL,181.6391,385,181.6272,181.6510,57,41,NASDAQ,""
1704107040000000000,AAPL,181.6259,352,181.5990,181.6528,21,156,NASDAQ,""
1704107041000000000,AAPL,181.6238,178,181.6008,181.6467,68,211,NASDAQ,""
1704107042000000000,AAPL,181.6290,280,181.6171,181.6409,175,207,NASDAQ,""
1704107043000000000,AAPL,181.6501,277,181.6206,181.6795,123,80,NASDAQ,""
1704107044000000000,AAPL,181.6686,163,181.6359,181.7012,75,246,NASDAQ,""
1704107045000000000,AAPL,181.6908,290,181.6573,181.7243,108,93,NASDAQ,""
1704107046000000000,AAPL,181.6890,439,181.6763,181.7018,11,88,NASDAQ,""
1704107047000000000,AAPL,181.6789,122,181.6652,181.6926,75,17,NASDAQ,""
1704107048000000000,AAPL,181.6707,423,181.6377,181.7037,187,81,NASDAQ,""
1704107049000000000,AAPL,181.6683,427,181.6346,181.7021,41,218,NASDAQ,""
1704107050000000000,AAPL,181.6744,437,181.6595,181.6893,27,206,NASDAQ,""
1704107051000000000,AAPL,181.6798,337,181.6439,181.7157,141,18,NASDAQ,""
1704107052000000000,AAPL,181.6600,462,181.6357,181.6843,122,29,NASDAQ,""
1704107053000000000,AAPL,181.6494,463,181.6355,181.6633,37,149,NASDAQ,""
1704107054000000000,AAPL,181.6489,95,181.6316,181.6663,12,92,NASDAQ,""
1704107055000000000,AAPL,181.6456,121,181.6022,181.6890,19,59,NASDAQ,""
1704107056000000000,AAPL,181.6174,453,181.5964,181.6384,51,25,NASDAQ,""
1704107057000000000,AAPL,181.6488,396,181.6342,181.6634,10,68,NASDAQ,""
1704107058000000000,AAPL,181.6311,222,181.6149,181.6473,31,246,NASDAQ,""
1704107059000000000,AAPL,181.6408,88,181.6205,181.6611,128,103,NASDAQ,""
1704107060000000000,AAPL,181.6593,65,181.6212,181.6974,239,135,NASDAQ,""
1704107061000000000,AAPL,181.6674,252,181.6344,181.7004,212,230,NASDAQ,""
1704107062000000000,AAPL,181.6958,149,181.6530,181.7387,97,169,NASDAQ,""
1704107063000000000,AAPL,181.7040,394,181.6668,181.7412,166,71,NASDAQ,""
1704107064000000000,AAPL,181.6526,90,181.6254,181.6797,35,33,NASDAQ,""
1704107065000000000,AAPL,181.6357,102,181.6080,181.6633,74,192,NASDAQ,""
1704107066000000000,AAPL,181.6637,338,181.6207,181.7066,115,239,NASDAQ,""
1704107067000000000,AAPL,181.6573,280,181.6269,181.6876,203,212,NASDAQ,""
1704107068000000000,AAPL,181.6593,457,181.6403,181.6782,12,204,NASDAQ,""
1704107069000000000,AAPL,181.6341,188,181.6002,181.6679,13,94,NASDAQ,""
1704107070000000000,AAPL,181.6486,470,181.6389,181.6583,36,25,NASDAQ,""
1704107071000000000,AAPL,181.6127,145,181.5730,181.6524,77,182,NASDAQ,""
1704107072000000000,AAPL,181.6069,316,181.5767,181.6370,116,71,NASDAQ,""
1704107073000000000,AAPL,181.6198,233,181.5988,181.6409,183,241,NASDAQ,""
1704107074000000000,AAPL,181.5901,68,181.5757,181.6046,235,199,NASDAQ,""
1704107075000000000,AAPL,181.6078,235,181.5632,181.6524,136,212,NASDAQ,""
1704107076000000000,AAPL,181.6338,160,181.6071,181.6605,241,201,NASDAQ,""
1704107077000000000,AAPL,181.6023,183,181.5689,181.6358,241,106,NASDAQ,""
1704107078000000000,AAPL,181.5847,163,181.5637,181.6058,110,21,NASDAQ,""
1704107079000000000,AAPL,181.5476,451,181.5032,181.5920,193,200,NASDAQ,""
1704107080000000000,AAPL,181.5509,337,181.5306,181.5712,26,192,NASDAQ,""
1704107081000000000,AAPL,181.5279,390,181.5117,181.5441,235,250,NASDAQ,""
1704107082000000000,AAPL,181.5533,372,181.5106,181.5959,122,179,NASDAQ,""
1704107083000000000,AAPL,181.5379,202,181.5029,181.5729,105,162,NASDAQ,""
1704107084000000000,AAPL,181.5364,169,181.5220,181.5508,25,231,NASDAQ,""
1704107085000000000,AAPL,181.5524,228,181.5385,181.5663,94,209,NASDAQ,""
1704107086000000000,AAPL,181.5542,376,181.5399,181.5685,152,224,NASDAQ,""
1704107087000000000,AAPL,181.5723,203,181.5608,181.5838,167,68,NASDAQ,""
1704107088000000000,AAPL,181.6055,299,181.5703,181.6407,99,28,NASDAQ,""
1704107089000000000,AAPL,181.6174,494,181.5965,181.6382,68,141,NASDAQ,""
1704107090000000000,AAPL,181.5703,496,181.5391,181.6014,189,126,NASDAQ,""
1704107091000000000,AAPL,181.5638,312,181.5539,181.5737,52,163,NASDAQ,""
1704107092000000000,AAPL,181.5536,117,181.5318,181.5755,228,56,NASDAQ,""
1704107093000000000,AAPL,181.5565,398,181.5304,181.5825,27,113,NASDAQ,""
1704107094000000000,AAPL,181.5895,163,181.5644,181.6146,208,184,NASDAQ,""
1704107095000000000,AAPL,181.6090,423,181.5905,181.6275,173,216,NASDAQ,""
1704107096000000000,AAPL,181.5582,212,181.5187,181.5977,16,136,NASDAQ,""
1704107097000000000,AAPL,181.5692,262,181.5468,181.5915,108,201,NASDAQ,""
1704107098000000000,AAPL,181.5515,224,181.5194,181.5837,94,32,NASDAQ,""
1704107099000000000,AAPL,181.5115,51,181.4907,181.5324,126,106,NASDAQ,""
1704107100000000000,AAPL,181.5288,457,181.5046,181.5530,205,52,NASDAQ,""
1704107101000000000,AAPL,181.5316,83,181.5197,181.5434,60,238,NASDAQ,""
1704107102000000000,AAPL,181.5407,233,181.5211,181.5604,136,183,NASDAQ,""
1704107103000000000,AAPL,181.5152,91,181.4813,181.5492,170,16,NASDAQ,""
1704107104000000000,AAPL,181.5191,93,181.4752,181.5630,153,237,NASDAQ,""
1704107105000000000,AAPL,181.5247,154,181.5122,181.5372,228,108,NASDAQ,""
1704107106000000000,AAPL,181.5225,286,181.4834,181.5616,171,47,NASDAQ,""
1704107107000000000,AAPL,181.4776,314,181.4516,181.5036,15,129,NASDAQ,""
1704107108000000000,AAPL,181.4788,332,181.4581,181.4995,97,217,NASDAQ,""
1704107109000000000,AAPL,181.4841,217,181.4443,181.5239,106,247,NASDAQ,""
1704107110000000000,AAPL,181.4992,193,181.4735,181.5249,236,129,NASDAQ,""
1704107111000000000,AAPL,181.4880,327,181.4618,181.5142,77,152,NASDAQ,""
1704107112000000000,AAPL,181.4757,493,181.4650,181.4863,143,71,NASDAQ,""
1704107113000000000,AAPL,181.4804,99,181.4643,181.4964,196,250,NASDAQ,""
1704107114000000000,AAPL,181.4820,498,181.4491,181.5149,202,44,NASDAQ,""
1704107115000000000,AAPL,181.4810,86,181.4418,181.5202,117,230,NASDAQ,""
1704107116000000000,AAPL,181.4708,479,181.4332,181.5083,189,181,NASDAQ,""
1704107117000000000,AAPL,181.4537,227,181.4405,181.4669,103,234,NASDAQ,""
1704107118000000000,AAPL,181.4266,363,181.3816,181.4715,56,84,NASDAQ,""
1704107119000000000,AAPL,181.4193,269,181.4088,181.4299,17,218,NASDAQ,""
1704107120000000000,AAPL,181.4404,364,181.4162,181.4647,92,113,NASDAQ,""
1704107121000000000,AAPL,181.4336,149,181.4060,181.4613,115,47,NASDAQ,""
1704107122000000000,AAPL,181.4451,116,181.4065,181.4836,222,70,NASDAQ,""
1704107123000000000,AAPL,181.4834,391,181.4574,181.5095,163,188,NASDAQ,""
1704107124000000000,AAPL,181.4618,496,181.4293,181.4943,222,50,NASDAQ,""
1704107125000000000,AAPL,181.4667,298,181.4492,181.4842,74,28,NASDAQ,""
1704107126000000000,AAPL,181.4690,462,181.4379,181.5001,88,64,NASDAQ,""
1704107127000000000,AAPL,181.4774,80,181.4645,181.4904,18,108,NASDAQ,""
1704107128000000000,AAPL,181.4803,479,181.4556,181.5051,31,157,NASDAQ,""
1704107129000000000,AAPL,181.4840,433,181.4455,181.5224,39,173,NASDAQ,""
1704107130000000000,AAPL,181.4713,101,181.4551,181.4874,231,177,NASDAQ,""
1704107131000000000,AAPL,181.4652,492,181.4496,181.4808,209,159,NASDAQ,""
1704107132000000000,AAPL,181.4734,99,181.4423,181.5046,231,247,NASDAQ,""
1704107133000000000,AAPL,181.4501,388,181.4118,181.4884,16,83,NASDAQ,""
1704107134000000000,AAPL,181.4269,211,181.3998,181.4541,50,147,NASDAQ,""
1704107135000000000,AAPL,181.4221,336,181.3867,181.4576,202,159,NASDAQ,""
1704107136000000000,AAPL,181.4142,495,181.3781,181.4503,181,155,NASDAQ,""
1704107137000000000,AAPL,181.4189,172,181.4040,181.4337,46,166,NASDAQ,""
1704107138000000000,AAPL,181.4477,122,181.4306,181.4647,217,199,NASDAQ,""
1704107139000000000,AAPL,181.4429,238,181.4018,181.4840,126,225,NASDAQ,""
1704107140000000000,AAPL,181.4415,55,181.4170,181.4660,110,37,NASDAQ,""
1704107141000000000,AAPL,181.4490,171,181.4387,181.4594,121,89,NASDAQ,""
1704107142000000000,AAPL,181.4266,155,181.3945,181.4586,240,138,NASDAQ,""
1704107143000000000,AAPL,181.4512,340,181.4318,181.4706,176,216,NASDAQ,""
1704107144000000000,AAPL,181.4552,108,181.4220,181.4883,213,53,NASDAQ,""
1704107145000000000,AAPL,181.4433,103,181.4065,181.4802,176,190,NASDAQ,""
1704107146000000000,AAPL,181.4129,379,181.3850,181.4407,81,55,NASDAQ,""
1704107147000000000,AAPL,181.4123,323,181.3819,181.4426,250,123,NASDAQ,""
1704107148000000000,AAPL,181.4067,486,181.3822,181.4313,30,171,NASDAQ,""
1704107149000000000,AAPL,181.4101,341,181.3876,181.4327,182,19,NASDAQ,""
1704107150000000000,AAPL,181.4054,493,181.3799,181.4308,223,13,NASDAQ,""
1704107151000000000,AAPL,181.4059,389,181.3722,181.4396,158,147,NASDAQ,""
1704107152000000000,AAPL,181.3748,180,181.3509,181.3987,208,167,NASDAQ,""
1704107153000000000,AAPL,181.3978,158,181.3768,181.4188,76,211,NASDAQ,""
1704107154000000000,AAPL,181.4086,259,181.3879,181.4294,79,116,NASDAQ,""
1704107155000000000,AAPL,181.4170,97,181.3910,181.4430,134,99,NASDAQ,""
1704107156000000000,AAPL,181.4550,346,181.4199,181.4902,230,25,NASDAQ,""
1704107157000000000,AAPL,181.4316,96,181.3964,181.4668,221,197,NASDAQ,""
1704107158000000000,AAPL,181.4377,203,181.4045,181.4710,190,69,NASDAQ,""
1704107159000000000,AAPL,181.4141,453,181.3959,181.4322,163,200,NASDAQ,""
1704107160000000000,AAPL,181.4312,277,181.3918,181.4707,78,164,NASDAQ,""
1704107161000000000,AAPL,181.4224,440,181.3827,181.4621,167,74,NASDAQ,""
1704107162000000000,AAPL,181.3895,207,181.3563,181.4227,127,227,NASDAQ,""
1704107163000000000,AAPL,181.3680,85,181.3395,181.3966,155,146,NASDAQ,""
1704107164000000000,AAPL,181.3458,179,181.3016,181.3901,91,201,NASDAQ,""
1704107165000000000,AAPL,181.3230,261,181.3123,181.3336,125,139,NASDAQ,""
1704107166000000000,AAPL,181.3305,159,181.2935,181.3674,65,248,NASDAQ,""
1704107167000000000,AAPL,181.3788,165,181.3506,181.4069,43,54,NASDAQ,""
1704107168000000000,AAPL,181.3412,437,181.2960,181.3863,235,152,NASDAQ,""
1704107169000000000,AAPL,181.3531,438,181.3419,181.3642,193,76,NASDAQ,""
1704107170000000000,AAPL,181.3763,126,181.3569,181.3958,81,230,NASDAQ,""
1704107171000000000,AAPL,181.3748,171,181.3577,181.3919,162,28,NASDAQ,""
1704107172000000000,AAPL,181.3794,203,181.3672,181.3917,57,47,NASDAQ,""
1704107173000000000,AAPL,181.4083,58,181.3888,181.4278,227,236,NASDAQ,""
1704107174000000000,AAPL,181.3978,151,181.3593,181.4364,73,227,NASDAQ,""
1704107175000000000,AAPL,181.4227,224,181.4081,181.4374,196,54,NASDAQ,""
1704107176000000000,AAPL,181.4432,475,181.4095,181.4770,201,114,NASDAQ,""
1704107177000000000,AAPL,181.4342,314,181.4209,181.4476,90,166,NASDAQ,""
1704107178000000000,AAPL,181.4479,123,181.4314,181.4645,56,15,NASDAQ,""
1704107179000000000,AAPL,181.4233,283,181.3894,181.4572,138,104,NASDAQ,""
1704107180000000000,AAPL,181.4195,205,181.4080,181.4310,99,242,NASDAQ,""
1704107181000000000,AAPL,181.3944,346,181.3544,181.4345,196,79,NASDAQ,""
1704107182000000000,AAPL,181.3853,157,181.3439,181.4268,248,24,NASDAQ,""
1704107183000000000,AAPL,181.3786,482,181.3440,181.4132,168,45,NASDAQ,""
1704107184000000000,AAPL,181.4075,471,181.3754,181.4397,50,80,NASDAQ,""
1704107185000000000,AAPL,181.4341,79,181.4212,181.4470,119,135,NASDAQ,""
1704107186000000000,AAPL,181.4287,208,181.4160,181.4415,78,81,NASDAQ,""
1704107187000000000,AAPL,181.4111,491,181.3781,181.4441,23,207,NASDAQ,""
1704107188000000000,AAPL,181.3991,169,181.3625,181.4357,125,120,NASDAQ,""
1704107189000000000,AAPL,181.4141,365,181.3744,181.4538,16,240,NASDAQ,""
1704107190000000000,AAPL,181.4248,345,181.4029,181.4466,166,98,NASDAQ,""
1704107191000000000,AAPL,181.4334,304,181.4132,181.4535,27,39,NASDAQ,""
1704107192000000000,AAPL,181.4248,464,181.4155,181.4341,68,91,NASDAQ,""
1704107193000000000,AAPL,181.4420,192,181.4228,181.4613,28,62,NASDAQ,""
1704107194000000000,AAPL,181.4398,226,181.4042,181.4754,31,247,NASDAQ,""
1704107195000000000,AAPL,181.4434,455,181.4119,181.4750,183,136,NASDAQ,""
1704107196000000000,AAPL,181.4639,340,181.4337,181.4941,149,176,NASDAQ,""
1704107197000000000,AAPL,181.4557,318,181.4334,181.4780,155,66,NASDAQ,""
1704107198000000000,AAPL,181.4786,480,181.4390,181.5182,34,19,NASDAQ,""
1704107199000000000,AAPL,181.4849,99,181.4491,181.5207,149,161,NASDAQ,""
1704107200000000000,AAPL,181.5013,180,181.4734,181.5292,20,25,NASDAQ,""
1704107201000000000,AAPL,181.4769,465,181.4346,181.5192,177,206,NASDAQ,""
1704107202000000000,AAPL,181.4885,241,181.4440,181.5331,117,72,NASDAQ,""
1704107203000000000,AAPL,181.5049,118,181.4835,181.5262,38,66,NASDAQ,""
1704107204000000000,AAPL,181.5129,149,181.4934,181.5323,225,218,NASDAQ,""
1704107205000000000,AAPL,181.4839,488,181.4513,181.5166,88,50,NASDAQ,""
1704107206000000000,AAPL,181.4828,103,181.4541,181.5116,206,38,NASDAQ,""
1704107207000000000,AAPL,181.4772,393,181.4534,181.5009,216,140,NASDAQ,""
1704107208000000000,AAPL,181.4744,354,181.4507,181.4981,120,156,NASDAQ,""
1704107209000000000,AAPL,181.5032,249,181.4890,181.5175,145,157,NASDAQ,""
1704107210000000000,AAPL,181.5495,436,181.5048,181.5942,59,238,NASDAQ,""
1704107211000000000,AAPL,181.5477,106,181.5285,181.5669,17,81,NASDAQ,""
1704107212000000000,AAPL,181.5483,484,181.5280,181.5687,250,22,NASDAQ,""
1704107213000000000,AAPL,181.5295,233,181.4868,181.5723,179,164,NASDAQ,""
1704107214000000000,AAPL,181.5398,299,181.5178,181.5618,124,45,NASDAQ,""
1704107215000000000,AAPL,181.5284,180,181.5111,181.5458,99,167,NASDAQ,""
1704107216000000000,AAPL,181.5606,318,181.5447,181.5765,27,98,NASDAQ,""
1704107217000000000,AAPL,181.5708,174,181.5315,181.6102,146,153,NASDAQ,""
1704107218000000000,AAPL,181.5718,498,181.5595,181.5842,40,224,NASDAQ,""
1704107219000000000,AAPL,181.5818,411,181.5596,181.6039,41,70,NASDAQ,""
1704107220000000000,AAPL,181.6023,293,181.5690,181.6356,89,160,NASDAQ,""
1704107221000000000,AAPL,181.5982,74,181.5604,181.6361,68,59,NASDAQ,""
1704107222000000000,AAPL,181.5896,443,181.5518,181.6273,139,13,NASDAQ,""
1704107223000000000,AAPL,181.5739,486,181.5626,181.5853,66,215,NASDAQ,""
1704107224000000000,AAPL,181.5764,320,181.5491,181.6037,246,178,NASDAQ,""
1704107225000000000,AAPL,181.5524,64,181.5138,181.5910,153,227,NASDAQ,""
1704107226000000000,AAPL,181.5164,448,181.5032,181.5296,77,154,NASDAQ,""
1704107227000000000,AAPL,181.5176,361,181.4915,181.5438,114,178,NASDAQ,""
1704107228000000000,AAPL,181.4870,314,181.4575,181.5166,94,78,NASDAQ,""
1704107229000000000,AAPL,181.4958,179,181.4594,181.5321,64,181,NASDAQ,""
1704107230000000000,AAPL,181.4918,325,181.4759,181.5077,35,148,NASDAQ,""
1704107231000000000,AAPL,181.4923,264,181.4711,181.5135,156,10,NASDAQ,""
1704107232000000000,AAPL,181.4951,275,181.4677,181.5226,167,66,NASDAQ,""
1704107233000000000,AAPL,181.5149,469,181.5043,181.5254,183,80,NASDAQ,""
1704107234000000000,AAPL,181.4960,353,181.4692,181.5228,23,91,NASDAQ,""
1704107235000000000,AAPL,181.4945,87,181.4504,181.5386,144,64,NASDAQ,""
1704107236000000000,AAPL,181.4922,2180,181.4659,181.5184,244,95,NASDAQ,""
1704107237000000000,AAPL,181.4704,291,181.4360,181.5047,85,40,NASDAQ,""
1704107238000000000,AAPL,181.4995,141,181.4802,181.5187,49,177,NASDAQ,""
1704107239000000000,AAPL,181.4950,391,181.4566,181.5334,123,132,NASDAQ,""
1704107240000000000,AAPL,181.4922,372,181.4685,181.5158,230,95,NASDAQ,""
1704107241000000000,AAPL,181.4865,306,181.4714,181.5016,181,18,NASDAQ,""
1704107242000000000,AAPL,181.4691,149,181.4461,181.4922,228,64,NASDAQ,""
1704107243000000000,AAPL,181.4582,172,181.4439,181.4726,247,105,NASDAQ,""
1704107244000000000,AAPL,181.4515,153,181.4114,181.4915,190,81,NASDAQ,""
1704107245000000000,AAPL,181.4940,192,181.4800,181.5080,205,214,NASDAQ,""
1704107246000000000,AAPL,181.5196,389,181.4923,181.5470,135,14,NASDAQ,""
1704107247000000000,AAPL,181.5010,298,181.4694,181.5325,125,211,NASDAQ,""
1704107248000000000,AAPL,181.5134,111,181.4811,181.5457,162,172,NASDAQ,""
1704107249000000000,AAPL,181.5268,236,181.4937,181.5599,31,217,NASDAQ,""
1704107250000000000,AAPL,181.5444,229,181.5130,181.5759,121,19,NASDAQ,""
1704107251000000000,AAPL,181.5312,101,181.4958,181.5667,122,137,NASDAQ,""
1704107252000000000,AAPL,181.5476,336,181.5374,181.5578,34,233,NASDAQ,""
1704107253000000000,AAPL,181.5833,282,181.5526,181.6141,242,94,NASDAQ,""
1704107254000000000,AAPL,181.5720,402,181.5506,181.5934,25,83,NASDAQ,""
1704107255000000000,AAPL,181.5697,406,181.5466,181.5927,164,129,NASDAQ,""
1704107256000000000,AAPL,181.5297,139,181.5108,181.5485,136,247,NASDAQ,""
1704107257000000000,AAPL,181.5831,494,181.5416,181.6245,136,153,NASDAQ,""
1704107258000000000,AAPL,181.5783,443,181.5480,181.6086,24,91,NASDAQ,""
1704107259000000000,AAPL,181.5926,162,181.5575,181.6278,170,241,NASDAQ,""
1704107260000000000,AAPL,181.5537,156,181.5247,181.5826,243,105,NASDAQ,""
1704107261000000000,AAPL,181.5645,357,181.5285,181.6004,33,41,NASDAQ,""
1704107262000000000,AAPL,181.5473,421,181.5118,181.5827,72,235,NASDAQ,""
1704107263000000000,AAPL,181.5311,341,181.4877,181.5745,146,80,NASDAQ,""
1704107264000000000,AAPL,181.5261,304,181.4999,181.5524,245,18,NASDAQ,""
1704107265000000000,AAPL,181.5274,467,181.5106,181.5442,118,213,NASDAQ,""
1704107266000000000,AAPL,181.5294,404,181.4854,181.5734,157,21,NASDAQ,""
1704107267000000000,AAPL,181.5138,82,181.4953,181.5322,158,225,NASDAQ,""
1704107268000000000,AAPL,181.4977,67,181.4771,181.5184,142,42,NASDAQ,""
1704107269000000000,AAPL,181.4645,109,181.4209,181.5081,28,24,NASDAQ,""
1704107270000000000,AAPL,181.4910,259,181.4495,181.5325,148,164,NASDAQ,""
1704107271000000000,AAPL,181.4843,188,181.4572,181.5114,229,47,NASDAQ,""
1704107272000000000,AAPL,181.4796,336,181.4401,181.5192,103,142,NASDAQ,""
1704107273000000000,AAPL,181.4749,81,181.4464,181.5035,98,41,NASDAQ,""
1704107274000000000,AAPL,181.4672,81,181.4426,181.4918,242,209,NASDAQ,""
1704107275000000000,AAPL,181.4262,447,181.4061,181.4463,49,58,NASDAQ,""
1704107276000000000,AAPL,181.4263,95,181.3829,181.4697,177,79,NASDAQ,""
1704107277000000000,AAPL,181.4403,388,181.4284,181.4522,199,124,NASDAQ,""
1704107278000000000,AAPL,181.4079,232,181.3917,181.4240,148,13,NASDAQ,""
1704107279000000000,AAPL,181.4109,295,181.3673,181.4545,179,109,NASDAQ,""
1704107280000000000,AAPL,181.4016,298,181.3783,181.4249,122,50,NASDAQ,""
1704107281000000000,AAPL,181.4165,201,181.3956,181.4374,55,220,NASDAQ,""
1704107282000000000,AAPL,181.3973,186,181.3603,181.4343,12,91,NASDAQ,""
1704107283000000000,AAPL,181.3869,342,181.3505,181.4232,242,72,NASDAQ,""
1704107284000000000,AAPL,181.4125,385,181.3790,181.4459,133,133,NASDAQ,""
1704107285000000000,AAPL,181.4241,380,181.3898,181.4584,223,132,NASDAQ,""
1704107286000000000,AAPL,181.4488,268,181.4298,181.4678,134,85,NASDAQ,""
1704107287000000000,AAPL,181.4411,394,181.4219,181.4603,46,224,NASDAQ,""
1704107288000000000,AAPL,181.4342,1625,181.4210,181.4475,180,220,NASDAQ,""
1704107289000000000,AAPL,181.4082,368,181.3742,181.4421,80,235,NASDAQ,""
1704107290000000000,AAPL,181.4024,154,181.3718,181.4329,146,152,NASDAQ,""
1704107291000000000,AAPL,181.3696,263,181.3293,181.4098,180,249,NASDAQ,""
1704107292000000000,AAPL,181.4126,96,181.3758,181.4493,118,201,NASDAQ,""
1704107293000000000,AAPL,181.4159,219,181.3851,181.4467,30,69,NASDAQ,""
1704107294000000000,AAPL,181.3884,102,181.3559,181.4208,190,189,NASDAQ,""
1704107295000000000,AAPL,181.3747,296,181.3455,181.4039,214,33,NASDAQ,""
1704107296000000000,AAPL,181.3826,195,181.3713,181.3940,71,90,NASDAQ,""
1704107297000000000,AAPL,181.3919,241,181.3491,181.4347,222,25,NASDAQ,""
1704107298000000000,AAPL,181.3907,176,181.3483,181.4330,23,120,NASDAQ,""
1704107299000000000,AAPL,181.4415,284,181.4197,181.4632,235,120,NASDAQ,""
1704107300000000000,AAPL,181.4604,381,181.4220,181.4989,68,114,NASDAQ,""
1704107301000000000,AAPL,181.4417,118,181.4246,181.4589,175,56,NASDAQ,""
1704107302000000000,AAPL,181.4343,420,181.3936,181.4749,80,34,NASDAQ,""
1704107303000000000,AAPL,181.4234,60,181.4042,181.4426,15,231,NASDAQ,""
1704107304000000000,AAPL,181.4217,218,181.3862,181.4571,224,37,NASDAQ,""
1704107305000000000,AAPL,181.4184,201,181.4006,181.4361,198,18,NASDAQ,""
1704107306000000000,AAPL,181.4173,113,181.3861,181.4485,91,129,NASDAQ,""
1704107307000000000,AAPL,181.4310,358,181.4101,181.4520,162,145,NASDAQ,""
1704107308000000000,AAPL,181.4241,198,181.3903,181.4579,219,158,NASDAQ,""
1704107309000000000,AAPL,181.3960,176,181.3769,181.4150,107,199,NASDAQ,""
1704107310000000000,AAPL,181.3987,443,181.3868,181.4106,137,195,NASDAQ,""
1704107311000000000,AAPL,181.4082,133,181.3669,181.4495,141,33,NASDAQ,""
1704107312000000000,AAPL,181.3773,416,181.3461,181.4085,83,32,NASDAQ,""
1704107313000000000,AAPL,181.4322,97,181.4159,181.4484,37,10,NASDAQ,""
1704107314000000000,AAPL,181.4149,107,181.3850,181.4447,61,98,NASDAQ,""
1704107315000000000,AAPL,181.3984,224,181.3775,181.4192,11,114,NASDAQ,""
1704107316000000000,AAPL,181.4017,1605,181.3725,181.4310,153,206,NASDAQ,""
1704107317000000000,AAPL,181.4262,391,181.3860,181.4665,47,194,NASDAQ,""
1704107318000000000,AAPL,181.4145,449,181.4002,181.4287,225,93,NASDAQ,""
1704107319000000000,AAPL,181.4062,462,181.3833,181.4290,90,213,NASDAQ,""
1704107320000000000,AAPL,181.3882,269,181.3755,181.4009,225,219,NASDAQ,""
1704107321000000000,AAPL,181.4108,89,181.3759,181.4456,159,131,NASDAQ,""
1704107322000000000,AAPL,181.4226,95,181.4132,181.4319,71,16,NASDAQ,""
1704107323000000000,AAPL,181.4119,93,181.3769,181.4468,53,238,NASDAQ,""
1704107324000000000,AAPL,181.4220,172,181.4005,181.4435,70,15,NASDAQ,""
1704107325000000000,AAPL,181.4105,223,181.3738,181.4471,200,140,NASDAQ,""
1704107326000000000,AAPL,181.4017,360,181.3764,181.4271,200,37,NASDAQ,""
1704107327000000000,AAPL,181.3757,131,181.3414,181.4099,99,10,NASDAQ,""
1704107328000000000,AAPL,181.4016,193,181.3695,181.4336,10,201,NASDAQ,""
1704107329000000000,AAPL,181.4129,105,181.3776,181.4481,163,226,NASDAQ,""
1704107330000000000,AAPL,181.4323,165,181.4016,181.4631,62,126,NASDAQ,""
1704107331000000000,AAPL,181.4464,335,181.4122,181.4807,229,190,NASDAQ,""
1704107332000000000,AAPL,181.4415,284,181.3988,181.4842,141,217,NASDAQ,""
1704107333000000000,AAPL,181.4629,166,181.4416,181.4842,25,227,NASDAQ,""
1704107334000000000,AAPL,181.4720,174,181.4540,181.4900,114,154,NASDAQ,""
1704107335000000000,AAPL,181.4576,485,181.4471,181.4680,146,13,NASDAQ,""
1704107336000000000,AAPL,181.4866,444,181.4624,181.5108,106,124,NASDAQ,""
1704107337000000000,AAPL,181.5261,384,181.5081,181.5442,78,89,NASDAQ,""
1704107338000000000,AAPL,181.5169,470,181.4920,181.5418,97,120,NASDAQ,""
1704107339000000000,AAPL,181.5277,254,181.5104,181.5451,103,53,NASDAQ,""
1704107340000000000,AAPL,181.5355,429,181.4989,181.5720,20,195,NASDAQ,""
1704107341000000000,AAPL,181.5275,336,181.4986,181.5564,100,48,NASDAQ,""
1704107342000000000,AAPL,181.5603,327,181.5397,181.5809,216,74,NASDAQ,""
1704107343000000000,AAPL,181.5942,1265,181.5828,181.6056,180,167,NASDAQ,""
1704107344000000000,AAPL,181.6159,436,181.5946,181.6371,140,246,NASDAQ,""
1704107345000000000,AAPL,181.6453,244,181.6168,181.6739,163,33,NASDAQ,""
1704107346000000000,AAPL,181.5904,347,181.5456,181.6351,98,61,NASDAQ,""
1704107347000000000,AAPL,181.6073,107,181.5867,181.6279,162,61,NASDAQ,""
1704107348000000000,AAPL,181.6124,168,181.5729,181.6519,237,117,NASDAQ,""
1704107349000000000,AAPL,181.6262,227,181.6004,181.6520,186,228,NASDAQ,""
1704107350000000000,AAPL,181.6341,372,181.6150,181.6532,81,78,NASDAQ,""
1704107351000000000,AAPL,181.6553,301,181.6253,181.6853,85,147,NASDAQ,""
1704107352000000000,AAPL,181.6511,323,181.6080,181.6942,33,150,NASDAQ,""
1704107353000000000,AAPL,181.6436,85,181.6085,181.6787,118,127,NASDAQ,""
1704107354000000000,AAPL,181.6787,474,181.6358,181.7216,211,168,NASDAQ,""
1704107355000000000,AAPL,181.7016,472,181.6778,181.7254,121,28,NASDAQ,""
1704107356000000000,AAPL,181.7058,110,181.6720,181.7396,198,88,NASDAQ,""
1704107357000000000,AAPL,181.6983,206,181.6552,181.7414,249,201,NASDAQ,""
1704107358000000000,AAPL,181.6926,132,181.6623,181.7228,24,139,NASDAQ,""
1704107359000000000,AAPL,181.6807,141,181.6447,181.7168,143,184,NASDAQ,""
1704107360000000000,AAPL,181.6515,374,181.6120,181.6911,152,248,NASDAQ,""
1704107361000000000,AAPL,181.6779,323,181.6410,181.7149,32,207,NASDAQ,""
1704107362000000000,AAPL,181.6777,128,181.6670,181.6884,100,167,NASDAQ,""
1704107363000000000,AAPL,181.7043,58,181.6792,181.7294,77,213,NASDAQ,""
1704107364000000000,AAPL,181.6861,99,181.6515,181.7208,221,182,NASDAQ,""
1704107365000000000,AAPL,181.6698,457,181.6404,181.6992,194,146,NASDAQ,""
1704107366000000000,AAPL,181.6774,484,181.6447,181.7100,112,91,NASDAQ,""
1704107367000000000,AAPL,181.6720,490,181.6406,181.7034,116,177,NASDAQ,""
1704107368000000000,AAPL,181.6874,177,181.6592,181.7156,129,173,NASDAQ,""
1704107369000000000,AAPL,181.6818,119,181.6475,181.7161,202,16,NASDAQ,""
1704107370000000000,AAPL,181.7097,126,181.6746,181.7448,73,198,NASDAQ,""
1704107371000000000,AAPL,181.7085,212,181.6900,181.7271,113,39,NASDAQ,""
1704107372000000000,AAPL,181.7461,84,181.7113,181.7809,113,74,NASDAQ,""
1704107373000000000,AAPL,181.7555,396,181.7282,181.7828,237,219,NASDAQ,""
1704107374000000000,AAPL,181.7624,74,181.7406,181.7842,43,92,NASDAQ,""
1704107375000000000,AAPL,181.8004,308,181.7569,181.8440,108,219,NASDAQ,""
1704107376000000000,AAPL,181.8411,234,181.8225,181.8597,30,31,NASDAQ,""
1704107377000000000,AAPL,181.8282,263,181.7874,181.8690,237,14,NASDAQ,""
1704107378000000000,AAPL,181.8426,96,181.8102,181.8751,50,120,NASDAQ,""
1704107379000000000,AAPL,181.8407,263,181.8124,181.8690,113,148,NASDAQ,""
1704107380000000000,AAPL,181.8589,280,181.8485,181.8692,191,226,NASDAQ,""
1704107381000000000,AAPL,181.8838,343,181.8702,181.8974,183,86,NASDAQ,""
1704107382000000000,AAPL,181.8779,408,181.8483,181.9074,125,159,NASDAQ,""
1704107383000000000,AAPL,181.8971,324,181.8763,181.9178,76,205,NASDAQ,""
1704107384000000000,AAPL,181.9148,415,181.8714,181.9583,52,191,NASDAQ,""
1704107385000000000,AAPL,181.8940,316,181.8840,181.9040,214,82,NASDAQ,""
1704107386000000000,AAPL,181.9011,167,181.8797,181.9224,85,92,NASDAQ,""
1704107387000000000,AAPL,181.8963,136,181.8868,181.9059,77,66,NASDAQ,""
1704107388000000000,AAPL,181.9273,455,181.9114,181.9433,157,37,NASDAQ,""
1704107389000000000,AAPL,181.9180,498,181.8845,181.9516,244,121,NASDAQ,""
1704107390000000000,AAPL,181.8751,306,181.8407,181.9095,95,237,NASDAQ,""
1704107391000000000,AAPL,181.8756,396,181.8318,181.9195,244,151,NASDAQ,""
1704107392000000000,AAPL,181.8691,87,181.8247,181.9134,176,190,NASDAQ,""
1704107393000000000,AAPL,181.8968,76,181.8779,181.9157,96,19,NASDAQ,""
1704107394000000000,AAPL,181.8724,307,181.8405,181.9043,185,224,NASDAQ,""
1704107395000000000,AAPL,181.8632,270,181.8330,181.8934,179,232,NASDAQ,""
1704107396000000000,AAPL,181.8657,193,181.8372,181.8942,32,92,NASDAQ,""
1704107397000000000,AAPL,181.8752,86,181.8348,181.9157,94,43,NASDAQ,""
1704107398000000000,AAPL,181.8727,162,181.8448,181.9007,131,69,NASDAQ,""
1704107399000000000,AAPL,181.8839,222,181.8654,181.9023,14,174,NASDAQ,""
1704107400000000000,AAPL,181.8659,477,181.8462,181.8855,27,200,NASDAQ,""
1704107401000000000,AAPL,181.8415,345,181.8070,181.8760,241,230,NASDAQ,""
1704107402000000000,AAPL,181.8252,67,181.8103,181.8402,25,54,NASDAQ,""
1704107403000000000,AAPL,181.8250,374,181.7821,181.8678,218,160,NASDAQ,""
1704107404000000000,AAPL,181.8288,100,181.7851,181.8725,68,49,NASDAQ,""
1704107405000000000,AAPL,181.8277,151,181.8001,181.8554,117,36,NASDAQ,""
1704107406000000000,AAPL,181.8322,485,181.7910,181.8733,38,91,NASDAQ,""
1704107407000000000,AAPL,181.8024,354,181.7657,181.8391,149,231,NASDAQ,""
1704107408000000000,AAPL,181.8181,72,181.7864,181.8497,240,126,NASDAQ,""
1704107409000000000,AAPL,181.8152,92,181.7768,181.8536,249,224,NASDAQ,""
1704107410000000000,AAPL,181.7984,103,181.7840,181.8128,107,245,NASDAQ,""
1704107411000000000,AAPL,181.7857,300,181.7675,181.8039,50,13,NASDAQ,""
1704107412000000000,AAPL,181.7724,230,181.7539,181.7910,233,45,NASDAQ,""
1704107413000000000,AAPL,181.7498,161,181.7402,181.7595,128,92,NASDAQ,""
1704107414000000000,AAPL,181.7326,465,181.6964,181.7689,71,217,NASDAQ,""
1704107415000000000,AAPL,181.7479,326,181.7331,181.7627,58,147,NASDAQ,""
1704107416000000000,AAPL,181.7513,114,181.7240,181.7787,158,17,NASDAQ,""
1704107417000000000,AAPL,181.7309,146,181.7217,181.7402,54,166,NASDAQ,""
1704107418000000000,AAPL,181.7549,478,181.7368,181.7730,67,67,NASDAQ,""
1704107419000000000,AAPL,181.7508,136,181.7248,181.7769,81,248,NASDAQ,""
1704107420000000000,AAPL,181.7364,66,181.6930,181.7799,153,191,NASDAQ,""
1704107421000000000,AAPL,181.7682,342,181.7354,181.8009,71,161,NASDAQ,""
1704107422000000000,AAPL,181.7701,293,181.7301,181.8101,72,67,NASDAQ,""
1704107423000000000,AAPL,181.7897,154,181.7801,181.7994,57,221,NASDAQ,""
1704107424000000000,AAPL,181.7937,223,181.7527,181.8347,134,64,NASDAQ,""
1704107425000000000,AAPL,181.7806,279,181.7380,181.8232,129,85,NASDAQ,""
1704107426000000000,AAPL,181.7787,371,181.7560,181.8014,15,51,NASDAQ,""
1704107427000000000,AAPL,181.7734,74,181.7430,181.8038,108,238,NASDAQ,""
1704107428000000000,AAPL,181.7692,342,181.7331,181.8054,30,155,NASDAQ,""
1704107429000000000,AAPL,181.7594,481,181.7410,181.7777,116,169,NASDAQ,""
1704107430000000000,AAPL,181.7620,153,181.7360,181.7880,166,244,NASDAQ,""
1704107431000000000,AAPL,181.7738,193,181.7351,181.8125,29,153,NASDAQ,""
1704107432000000000,AAPL,181.7757,282,181.7415,181.8099,208,94,NASDAQ,""
1704107433000000000,AAPL,181.7270,87,181.6829,181.7712,167,200,NASDAQ,""
1704107434000000000,AAPL,181.7286,119,181.6866,181.7706,202,150,NASDAQ,""
1704107435000000000,AAPL,181.7219,391,181.6900,181.7537,176,232,NASDAQ,""
1704107436000000000,AAPL,181.7195,499,181.6780,181.7611,85,224,NASDAQ,""
1704107437000000000,AAPL,181.7340,324,181.7149,181.7532,103,225,NASDAQ,""
1704107438000000000,AAPL,181.7307,399,181.7149,181.7465,33,246,NASDAQ,""
1704107439000000000,AAPL,181.7159,240,181.6730,181.7587,70,19,NASDAQ,""
1704107440000000000,AAPL,181.7003,208,181.6678,181.7327,169,232,NASDAQ,""
1704107441000000000,AAPL,181.6838,136,181.6451,181.7224,138,31,NASDAQ,""
1704107442000000000,AAPL,181.6635,302,181.6476,181.6794,231,246,NASDAQ,""
1704107443000000000,AAPL,181.6992,252,181.6786,181.7199,201,29,NASDAQ,""
1704107444000000000,AAPL,181.6764,131,181.6341,181.7188,16,242,NASDAQ,""
1704107445000000000,AAPL,181.6657,420,181.6495,181.6819,82,161,NASDAQ,""
1704107446000000000,AAPL,181.6631,500,181.6524,181.6738,109,156,NASDAQ,""
1704107447000000000,AAPL,181.6636,260,181.6385,181.6886,139,232,NASDAQ,""
1704107448000000000,AAPL,181.6420,434,181.6162,181.6677,243,48,NASDAQ,""
1704107449000000000,AAPL,181.6582,441,181.6382,181.6781,36,105,NASDAQ,""
1704107450000000000,AAPL,181.6533,190,181.6309,181.6756,214,159,NASDAQ,""
1704107451000000000,AAPL,181.6651,136,181.6279,181.7022,138,39,NASDAQ,""
1704107452000000000,AAPL,181.6633,468,181.6530,181.6736,197,142,NASDAQ,""
1704107453000000000,AAPL,181.6548,144,181.6242,181.6853,85,188,NASDAQ,""
1704107454000000000,AAPL,181.6842,143,181.6590,181.7094,90,68,NASDAQ,""
1704107455000000000,AAPL,181.6770,434,181.6386,181.7155,194,35,NASDAQ,""
1704107456000000000,AAPL,181.6982,347,181.6750,181.7215,136,89,NASDAQ,""
1704107457000000000,AAPL,181.6989,246,181.6803,181.7175,18,102,NASDAQ,""
1704107458000000000,AAPL,181.7199,461,181.6773,181.7625,140,51,NASDAQ,""
1704107459000000000,AAPL,181.7302,488,181.7142,181.7463,245,35,NASDAQ,""
1704107460000000000,AAPL,181.7583,75,181.7295,181.7871,224,243,NASDAQ,""
1704107461000000000,AAPL,181.7716,418,181.7486,181.7947,236,89,NASDAQ,""
1704107462000000000,AAPL,181.7589,152,181.7161,181.8017,141,232,NASDAQ,""
1704107463000000000,AAPL,181.7622,347,181.7306,181.7938,58,156,NASDAQ,""
1704107464000000000,AAPL,181.7628,261,181.7270,181.7986,47,50,NASDAQ,""
1704107465000000000,AAPL,181.7443,91,181.7341,181.7545,90,230,NASDAQ,""
1704107466000000000,AAPL,181.7269,104,181.7161,181.7378,41,152,NASDAQ,""
1704107467000000000,AAPL,181.7418,129,181.7273,181.7562,183,147,NASDAQ,""
1704107468000000000,AAPL,181.7255,272,181.6938,181.7572,78,176,NASDAQ,""
1704107469000000000,AAPL,181.6869,308,181.6592,181.7146,117,128,NASDAQ,""
1704107470000000000,AAPL,181.6943,325,181.6621,181.7265,249,177,NASDAQ,""
1704107471000000000,AAPL,181.7175,395,181.7054,181.7296,116,226,NASDAQ,""
1704107472000000000,AAPL,181.7200,313,181.6938,181.7462,219,122,NASDAQ,""
1704107473000000000,AAPL,181.7062,334,181.6733,181.7391,38,217,NASDAQ,""
1704107474000000000,AAPL,181.7369,358,181.6974,181.7764,42,113,NASDAQ,""
1704107475000000000,AAPL,181.7343,466,181.7166,181.7520,242,37,NASDAQ,""
1704107476000000000,AAPL,181.7285,201,181.7008,181.7563,188,177,NASDAQ,""
1704107477000000000,AAPL,181.7416,310,181.7074,181.7757,111,36,NASDAQ,""
1704107478000000000,AAPL,181.7521,419,181.7102,181.7939,60,51,NASDAQ,""
1704107479000000000,AAPL,181.7563,389,181.7143,181.7983,48,248,NASDAQ,""
1704107480000000000,AAPL,181.7752,160,181.7610,181.7893,249,214,NASDAQ,""
1704107481000000000,AAPL,181.7963,86,181.7815,181.8112,153,95,NASDAQ,""
1704107482000000000,AAPL,181.8216,246,181.8006,181.8425,174,46,NASDAQ,""
1704107483000000000,AAPL,181.8265,90,181.8002,181.8529,224,219,NASDAQ,""
1704107484000000000,AAPL,181.8562,451,181.8155,181.8969,176,108,NASDAQ,""
1704107485000000000,AAPL,181.8771,1505,181.8318,181.9224,171,130,NASDAQ,""
1704107486000000000,AAPL,181.8806,397,181.8615,181.8997,202,48,NASDAQ,""
1704107487000000000,AAPL,181.8714,168,181.8613,181.8815,191,177,NASDAQ,""
1704107488000000000,AAPL,181.8875,230,181.8756,181.8994,217,243,NASDAQ,""
1704107489000000000,AAPL,181.8849,481,181.8428,181.9270,61,107,NASDAQ,""
1704107490000000000,AAPL,181.8972,174,181.8623,181.9322,30,142,NASDAQ,""
1704107491000000000,AAPL,181.9482,481,181.9200,181.9765,191,62,NASDAQ,""
1704107492000000000,AAPL,181.9540,363,181.9322,181.9759,145,231,NASDAQ,""
1704107493000000000,AAPL,181.9279,66,181.9049,181.9508,189,169,NASDAQ,""
1704107494000000000,AAPL,181.9443,318,181.9209,181.9676,105,161,NASDAQ,""
1704107495000000000,AAPL,181.9192,437,181.8925,181.9458,37,100,NASDAQ,""
1704107496000000000,AAPL,181.9058,212,181.8759,181.9358,84,53,NASDAQ,""
1704107497000000000,AAPL,181.8991,358,181.8554,181.9429,39,10,NASDAQ,""
1704107498000000000,AAPL,181.8798,459,181.8379,181.9218,109,39,NASDAQ,""
1704107499000000000,AAPL,181.8697,361,181.8422,181.8973,181,115,NASDAQ,""
1704107500000000000,AAPL,181.8746,120,181.8299,181.9194,196,85,NASDAQ,""
1704107501000000000,AAPL,181.8655,411,181.8261,181.9050,18,223,NASDAQ,""
1704107502000000000,AAPL,181.8944,479,181.8819,181.9069,46,220,NASDAQ,""
1704107503000000000,AAPL,181.8985,460,181.8875,181.9095,224,54,NASDAQ,""
1704107504000000000,AAPL,181.9092,346,181.8740,181.9444,33,74,NASDAQ,""
1704107505000000000,AAPL,181.9080,85,181.8769,181.9391,172,238,NASDAQ,""
1704107506000000000,AAPL,181.8867,300,181.8503,181.9232,84,79,NASDAQ,""
1704107507000000000,AAPL,181.8711,110,181.8293,181.9129,237,26,NASDAQ,""
1704107508000000000,AAPL,181.8704,218,181.8392,181.9017,144,162,NASDAQ,""
1704107509000000000,AAPL,181.8304,134,181.7958,181.8651,44,83,NASDAQ,""
1704107510000000000,AAPL,181.8454,84,181.8265,181.8644,84,189,NASDAQ,""
1704107511000000000,AAPL,181.8380,274,181.8061,181.8699,221,125,NASDAQ,""
1704107512000000000,AAPL,181.8329,65,181.8175,181.8482,234,229,NASDAQ,""
1704107513000000000,AAPL,181.8409,484,181.7957,181.8861,117,174,NASDAQ,""
1704107514000000000,AAPL,181.8248,137,181.7927,181.8569,244,180,NASDAQ,""
1704107515000000000,AAPL,181.8546,439,181.8119,181.8973,216,19,NASDAQ,""
1704107516000000000,AAPL,181.8464,134,181.8040,181.8888,216,243,NASDAQ,""
1704107517000000000,AAPL,181.8379,316,181.8155,181.8603,52,40,NASDAQ,""
1704107518000000000,AAPL,181.8496,193,181.8235,181.8758,160,208,NASDAQ,""
1704107519000000000,AAPL,181.8555,167,181.8346,181.8764,236,206,NASDAQ,""
1704107520000000000,AAPL,181.8504,173,181.8345,181.8662,41,147,NASDAQ,""
1704107521000000000,AAPL,181.8615,283,181.8422,181.8808,229,48,NASDAQ,""
1704107522000000000,AAPL,181.8767,474,181.8575,181.8960,40,128,NASDAQ,""
1704107523000000000,AAPL,181.8522,82,181.8313,181.8731,249,95,NASDAQ,""
1704107524000000000,AAPL,181.8286,250,181.8018,181.8554,37,172,NASDAQ,""
1704107525000000000,AAPL,181.8480,62,181.8069,181.8891,176,148,NASDAQ,""
1704107526000000000,AAPL,181.8199,297,181.8020,181.8378,98,228,NASDAQ,""
1704107527000000000,AAPL,181.8518,430,181.8268,181.8768,66,148,NASDAQ,""
1704107528000000000,AAPL,181.8297,73,181.8183,181.8412,29,234,NASDAQ,""
1704107529000000000,AAPL,181.8260,1120,181.8151,181.8369,39,23,NASDAQ,""
1704107530000000000,AAPL,181.8070,436,181.7901,181.8239,94,233,NASDAQ,""
1704107531000000000,AAPL,181.8294,155,181.7996,181.8592,154,66,NASDAQ,""
1704107532000000000,AAPL,181.8307,315,181.8072,181.8542,117,139,NASDAQ,""
1704107533000000000,AAPL,181.8323,153,181.8038,181.8607,83,125,NASDAQ,""
1704107534000000000,AAPL,181.8390,66,181.8183,181.8596,164,90,NASDAQ,""
1704107535000000000,AAPL,181.8264,379,181.8143,181.8385,234,246,NASDAQ,""
1704107536000000000,AAPL,181.8347,299,181.8097,181.8597,73,191,NASDAQ,""
1704107537000000000,AAPL,181.8217,405,181.7866,181.8569,203,13,NASDAQ,""
1704107538000000000,AAPL,181.8016,461,181.7835,181.8196,241,37,NASDAQ,""
1704107539000000000,AAPL,181.7683,261,181.7571,181.7796,23,16,NASDAQ,""
1704107540000000000,AAPL,181.7780,391,181.7538,181.8021,42,141,NASDAQ,""
1704107541000000000,AAPL,181.7426,454,181.7157,181.7695,205,75,NASDAQ,""
1704107542000000000,AAPL,181.7284,316,181.6948,181.7621,88,75,NASDAQ,""
1704107543000000000,AAPL,181.7595,91,181.7183,181.8007,64,116,NASDAQ,""
1704107544000000000,AAPL,181.7932,299,181.7677,181.8188,137,87,NASDAQ,""
1704107545000000000,AAPL,181.8052,396,181.7774,181.8330,81,15,NASDAQ,""
1704107546000000000,AAPL,181.8172,296,181.8063,181.8282,228,90,NASDAQ,""
1704107547000000000,AAPL,181.8293,261,181.7900,181.8686,124,54,NASDAQ,""
1704107548000000000,AAPL,181.8174,467,181.7736,181.8612,136,36,NASDAQ,""
1704107549000000000,AAPL,181.8263,494,181.7851,181.8675,114,114,NASDAQ,""
1704107550000000000,AAPL,181.8320,376,181.7913,181.8727,32,117,NASDAQ,""
1704107551000000000,AAPL,181.8000,174,181.7843,181.8156,73,248,NASDAQ,""
1704107552000000000,AAPL,181.7868,393,181.7618,181.8118,97,123,NASDAQ,""
1704107553000000000,AAPL,181.7776,85,181.7559,181.7993,170,96,NASDAQ,""
1704107554000000000,AAPL,181.7854,65,181.7540,181.8168,146,25,NASDAQ,""
1704107555000000000,AAPL,181.7831,211,181.7484,181.8179,185,93,NASDAQ,""
1704107556000000000,AAPL,181.7270,1635,181.6845,181.7695,218,213,NASDAQ,""
1704107557000000000,AAPL,181.7437,277,181.7093,181.7781,217,238,NASDAQ,""
1704107558000000000,AAPL,181.7473,125,181.7071,181.7876,96,179,NASDAQ,""
1704107559000000000,AAPL,181.7500,276,181.7256,181.7743,35,35,NASDAQ,""
1704107560000000000,AAPL,181.7485,457,181.7104,181.7865,57,99,NASDAQ,""
1704107561000000000,AAPL,181.7510,478,181.7401,181.7620,229,172,NASDAQ,""
1704107562000000000,AAPL,181.7639,344,181.7378,181.7900,30,181,NASDAQ,""
1704107563000000000,AAPL,181.7634,462,181.7488,181.7780,160,11,NASDAQ,""
1704107564000000000,AAPL,181.7147,228,181.6891,181.7402,22,234,NASDAQ,""
1704107565000000000,AAPL,181.6757,186,181.6556,181.6957,47,53,NASDAQ,""
